2814 4906
278 383 340 463 ⁵⁰2
670 389 717 434 nn
740 388 958 436 nunnocms

277 560 391 634 dicam
407 552 701 658 dissipationem.”
747 549 978 644 Quibuscum
993 554 1190 626 concinunt
1204 550 1298 624 haec
1315 549 1356 622 ab

279 677 403 754 eodem
422 691 564 750 auctore
581 671 731 772 prodita:
750 669 974 768 ’Epapdoataic
991 674 1047 750 τὸν
1065 671 1237 768 picticum
1249 687 1355 746 uate

280 800 380 892 ψύξει
393 807 450 873 τοῦ
461 796 492 872 ἓν
505 796 552 894 τῷ
564 789 683 889 cibare
700 792 814 892 θερμοῦ
828 801 1010 896 συμμέτρῳ
1022 793 1190 895 γίνεσθαι,
1203 801 1359 870 παντελεῖ

281 921 316 1000 de
338 921 475 999 θάνατον
491 929 571 991 ³2⁹.
624 919 821 991 »Somnum
845 916 935 991 ellici
960 919 1140 1019 sanguinis
1163 918 1355 1016 refrigera·

281 1047 378 1117 tione
395 1039 591 1130 moderata,
606 1041 679 1110 tota
696 1064 780 1111 vero
795 1039 980 1112 mortem.”
1029 1039 1125 1136 llaec
1139 1037 1271 1136 placita
1289 1064 1355 1110 non

200 1255 203 1263 .
282 1169 477 1264 incongrua
501 1174 587 1233 sunt
610 1158 831 1257 Empedoclis
857 1161 999 1253 rationi,
1022 1159 1200 1260 siquidem
1225 1160 1355 1258 igniet

281 1285 386 1358 calori
421 1282 612 1381 praecipue
646 1280 819 1353 actionem
854 1297 890 1354 et
920 1281 1078 1380 vigorem
1112 1277 1257 1350 tribuit.
1310 1279 1354 1350 De

244 1483 249 1493 ,
282 1405 376 1479 vitae
402 1429 486 1479 vero
509 1402 703 1499 mortisque
722 1399 923 1489 discrimine
938 1402 1111 1476 sententia
1131 1399 1212 1498 eins
1233 1399 1354 1474 clarius

281 1524 501 1624 cognoscitur
529 1522 712 1619 exipsius
739 1525 908 1598 carmine.
958 1524 1011 1596 Ut
1041 1523 1212 1598 universe
1235 1547 1356 1594 rerum

281 1659 403 1721 ortum
428 1643 687 1718 concretionem
708 1645 985 1735 clementorum,
1005 1645 1198 1718 interitum
1211 1641 1354 1716 dissolu-

279 1769 413 1840 tionem
445 1763 597 1863 appellat
613 1773 691 1855 ³³⁰,
728 1767 777 1838 sic
809 1769 916 1842 vitam
949 1766 1164 1863 strigorem
1188 1763 1352 1840 contineri

279 1886 366 1960 dicit
390 1885 535 1962 diversis
560 1887 713 1983 corporis
737 1887 896 1987 partibus
920 1901 956 1960 et
980 1886 1168 1962 clementis
1194 1887 1350 1958 Amicitia

279 2007 410 2104 junctis
430 2019 585 2106 apteque
606 2007 759 2099 sociatis,
783 2023 902 2082 cantra
926 2007 1049 2084 iisdem
1073 2007 1257 2082 Discordia
1279 2022 1350 2080 tur-

279 2129 370 2202 batis
391 2154 430 2200 ac
447 2125 597 2199 divulsis
614 2127 871 2226 aegritudines,
896 2128 1055 2220 morbos,
1079 2129 1243 2228 denique
1262 2155 1351 2204 mcr-

279 2263 354 2325 tem
370 2249 543 2346 pariw.
594 2247 707 2322 Morte
723 2262 844 2322 tamen
861 2275 917 2322 res
935 2276 1006 2322 non
1024 2251 1063 2323 in
1082 2249 1241 2324 nihilum
1263 2249 1352 2323 redi·
1400 2239 1401 2312 Ϊ

200 2377 202 2382 ’
279 2373 331 2470 gi,
360 2370 422 2444 sed
454 2369 611 2444 diversas
649 2383 768 2467 partes
804 2371 849 2444 ad
883 2397 992 2446 suum
1023 2397 1211 2472 quamque
1244 2397 1353 2470 genus
1401 2444 1402 2488 ,

279 2492 429 2582 reverti,
457 2504 500 2564 ut
524 2487 653 2562 deinde
677 2490 717 2560 in
741 2515 849 2564 novas
873 2491 1002 2568 formas
1027 2518 1196 2591 novaque
1215 2519 1352 2590 corpora

279 2610 485 2684 coalescant.
537 2609 643 2702 Quod
659 2624 781 2686 autem
802 2611 1014 2686 Plutarchus
1029 2612 1142 2704 addit,
1158 2612 1353 2686 secundum

279 2729 346 2802 hoc
371 2729 543 2827 placitum
567 2744 684 2804 morto
708 2745 781 2804 tam
797 2758 934 2830 corpus
957 2761 1073 2833 ,quarn
1094 2736 1260 2811 animum
1284 2735 1352 2808 dis·

280 2849 387 2941 solvi,
416 2848 452 2920 id
477 2875 699 2949 consequens
725 2867 777 2924 est
805 2880 888 2958 saue
910 2853 1006 2930 illins
1030 2857 1176 2948 rationi,
1201 2871 1353 2930 mentem

280 2970 404 3048 iisdem
415 2969 549 3070 quibus
567 2997 694 3070 corpus
706 2975 885 3072 principiis
898 2971 1056 3053 constare
1068 2979 1247 3074 putantis,
1260 2976 1353 3050 aliter

281 3107 401 3166 tamen
425 3093 552 3184 sensit,
581 3091 725 3188 docens,
755 3099 888 3170 animas
915 3095 1104 3172 bominum
1127 3125 1216 3191 nec,
1242 3126 1353 3199 quum

282 3227 484 3304 nascantur,
503 3228 583 3286 tum
602 3216 761 3313 primum
784 3219 884 3310 oriri,
907 3243 991 3308 nec,
1009 3245 1126 3319 quum
1148 3222 1352 3304 moriantur,

282 3359 492 3408 evanescere
508 3345 587 3428 ³³²,
613 3336 674 3408 sed
697 3363 907 3434 permanere
937 3353 973 3411 et
1007 3341 1043 3411 in
1076 3342 1170 3412 varia
1192 3339 1353 3438 deinceps

235 3531 237 3542 ,
283 3479 425 3560 corpora
446 3454 612 3554 migrare:
634 3482 744 3557 quam
761 3461 972 3532 sententiam
990 3489 1073 3538 mox
1092 3461 1350 3560 explicabimus.

316 3695 391 3762 (³²9)
406 3693 535 3746 Plutarch.
559 3694 627 3746 Ptac.
645 3693 708 3763 phil.
736 3699 766 3752 V.
792 3698 822 3757 atr
844 3698 917 3764 (ὡς
941 3700 1026 3754 Galen.
1045 3701 1099 3752 1.-1.
1131 3703 1169 3754 lto
1185 3719 1278 3756 somno
1294 3703 1353 3756 idem

282 3787 346 3840 dicit
362 3783 470 3840 Tertull.
487 3783 520 3836 ds
537 3783 618 3836 tntu.
635 3801 657 3834 c.
677 3785 718 3848 43.
753 3786 791 3842 ct
809 3786 939 3842 Plutarch.
959 3807 1036 3859 cupra
1055 3791 1096 3842 cit
1116 3809 1142 3858 p.
1158 3789 1218 3853 455.

316 3875 389 3941 (330)
405 3873 510 3944 Emped.
529 3889 577 3924 vas.
599 3889 629 3937 77
646 3891 703 3945 aqq.
719 3876 768 3937 342
785 3893 843 3948 sqq.
1010 3867 1018 3873 ”

260 3969 262 3980 ⁴
314 3961 687 4030 (331)1d0mm-335·3dt‚
712 3965 757 4018 ubi
775 3967 807 4021 cf.
827 3969 999 4025 Commentar.
1016 3991 1041 4042 p,
1063 3974 1109 4026 ²63
1125 3992 1163 4044 sq.

317 4047 479 4118 (bdat'ldam
498 4070 546 4106 rsa.
565 4052 686 4108 stacta.
