2768 4916
437 381 520 431 vrrs
542 383 589 430 nr
611 381 755 430 rannus.
1096 372 1137 432 ot

17 607 18 610 ,
68 554 217 629 venerati
239 563 326 626 sunt
341 559 421 625 ²⁹².
472 553 567 650 Ergo
591 550 778 648 antiquam
803 547 902 620 illam
926 562 963 622 et
986 552 1137 650 petriam

15 743 16 749 ,
66 677 277 749 Graecorum
305 671 511 774 religionem
537 668 769 771 Empedocles
793 667 945 742 retinuit
972 683 1008 744 et
1039 669 1137 752 ccle-,

63 797 185 892 brevit,
217 811 339 870 contra
373 794 521 870 alienior
550 792 662 868 fuisse
696 790 841 868 videtur
870 819 890 864 a
922 791 1136 894 Dionysiacis

15 993 17 1000 ,
64 922 122 994 illis
143 921 267 1014 sacris,
286 945 379 1020 quac
396 945 439 994 eo
461 933 621 1018 tempore
642 916 753 1014 magis
772 914 956 1014 magisque
978 912 1135 989 invales-

15 1099 20 1140 ;
64 1043 200 1137 cebant,
233 1059 271 1118 ct
300 1069 460 1144 quorum
490 1041 594 1113 furor
618 1065 659 1112 ac
683 1037 852 1136 strepitus
876 1037 1075 1135 graviorem
1098 1052 1135 1110 et

63 1165 263 1240 sedatiorem
292 1164 462 1263 Apollinis
493 1161 635 1236 cultum
662 1158 863 1234 obruebant
884 1169 967 1254 ¹⁹³3
999 1161 1038 1232 in
1068 1159 1135 1234 hoc

15 1347 17 1382 z
62 1311 219 1387 quoque,
235 1301 280 1360 ut
300 1311 493 1386 germanus
510 1283 626 1377 vates,
644 1284 844 1380 priscorum
861 1296 987 1360 vatum
1005 1308 1134 1356 exem·
1253 1335 1262 1348 ,

62 1406 152 1504 plum
168 1409 340 1494 imitatus.
367 1408 559 1481 Caeterum
574 1407 701 1508 hymni
717 1409 756 1482 in
769 1404 975 1506 Apollinem
987 1409 1136 1510 antiquo

64 1555 147 1604 nore
185 1507 403 1605 hexametris
436 1533 646 1631 praesertim
682 1532 847 1630 componi
882 1528 1042 1604 solebant
1057 1539 1137 1622 ¹⁹⁴,

65 1651 182 1748 quibus
209 1653 372 1730 versibus
397 1654 506 1726 etiam
532 1650 763 1752 Empedocles
789 1652 944 1726 maxime
962 1677 1051 1727 usus
1069 1667 1134 1728 est.

546 1926 565 2009 ς
591 1929 644 1988 12.

105 2144 183 2218 lam
215 2158 422 2243 sequuntur
450 2171 490 2216 ea
519 2146 693 2236 carmina,
722 2169 879 2244 quorum
913 2125 1032 2215 adhuc
1057 2141 1137 2214 reli·

15 2357 16 2361 Ἰ
70 2268 157 2364 quiae
182 2265 361 2366 quaedam
386 2281 593 2365 supersunt.

16 2480 17 2484 Ἰ
105 2370 281 2486 Kalamai.
331 2390 457 2460 Erant·
477 2386 583 2480 haec,
618 2401 662 2460 ut
700 2411 833 2459 nomen
867 2369 1020 2478 indicat,
1054 2412 1138 2460 car-

15 2583 17 2603 ,
71 2513 149 2584 mina
175 2509 357 2599 lustralia,
385 2534 480 2609 quae
509 2507 677 2584 valebant
700 2506 743 2580 ad
766 2509 924 2581 Deorum
951 2509 1041 2582 iram
1070 2507 1140 2584 de-

15 2723 16 2726 ,
71 2631 292 2725 precandam,
328 2630 460 2705 scelera
497 2631 692 2730 expianda,
729 2628 964 2723 calamitates,
1001 2631 1140 2707 morbos

15 2821 18 2827 ,
72 2751 194 2854 aliaque
224 2753 318 2844 mala
350 2753 506 2826 sananda
538 2767 575 2827 et
606 2753 812 2828 auertenda.
874 2752 1060 2828 Canehant
1098 2781 1139 2828 ea

19 2969 20 2976 ἵ
71 2890 151 2950 vates
201 2891 251 2950 et·
285 2874 499 2965 sacerdotes,
549 2877 614 2975 qui
659 2877 762 2974 quasi
805 2873 927 2950 divino
967 2877 1141 2952 instinctu

73 2995 180 3090 afflati,
210 2998 355 3098 auspice
378 2996 589 3096 praesertim
615 2996 779 3096 Apolline
797 3006 876 3094 ¹⁹⁵,
898 2997 1140 3075 calamitatum

73 3140 193 3194 caussas
220 3117 464 3220 explendique
490 3117 613 3194 modos
646 3120 909 3218 perspicerent3
932 3119 1047 3221 qualis
1068 3121 1140 3194 fnit

18 3227 19 3288 3
74 3238 245 3340 inprimis
274 3241 453 3315 Cretensis
475 3241 722 3342 Epimenides,
745 3244 811 3340 qui
837 3243 924 3318 item
950 3239 1140 3340 καθαρμοὺς

16 3353 19 3424 l
74 3363 217 3438 versibus
251 3345 450 3464 composuit
468 3364 546 3433 ¹⁹⁶.
597 3361 688 3436 Inde
717 3362 789 3463 jam
825 3364 994 3440 universe
1024 3363 1140 3464 colligi

15 3536 19 3611 j
99 3559 163 3628 (ιφ)
185 3561 244 3614 vta.
269 3562 351 3614 urso
373 3579 415 3630 op.
439 3561 507 3613 aaa
530 3560 590 3612 reci.
612 3559 1045 3629 x1x3nauern0r.1.p.aos.
1079 3565 1138 3614 uon

18 3629 20 3645 ’
77 3662 125 3700 tero
141 3654 301 3722 probandum
318 3652 390 3723 quod
407 3653 491 3703 Stura.
508 3650 525 3701 l.
542 3649 560 3700 l.
580 3657 670 3719 putat,
690 3649 808 3718 Apolline
825 3649 963 3717 significari
976 3653 1009 3703 τὸ
1023 3650 1063 3718 ἓν,
1074 3669 1140 3704 aum·

16 3729 21 3805 l
76 3752 131 3792 mum
146 3744 259 3796 omnium
276 3741 443 3814 principium.

16 3814 18 3872 ,¹
99 3830 404 3899 (immacutatum
422 3831 484 3903 ΙΧιν
502 3837 529 3881 et
547 3831 621 3882 xrx.
968 3893 969 3896 Ἴ

99 3923 162 3990 (194)
176 3922 306 3977 Plutarch.
317 3923 350 3975 de
358 3925 425 3974 Mus.
437 3921 496 3972 Vol.
505 3921 539 3982 X,
547 3937 574 3988 p.
585 3917 634 3972 653
642 3917 727 3972 Iteisk.
736 3922 768 3974 cl.
777 3923 881 3976 archer.
892 3925 954 3978 Dor.
966 3928 990 3990 l,
1001 3944 1026 3996 p.
1038 3927 1089 3991 348
1099 3944 1137 3998 sq.

101 4007 164 4078 (¹95)
182 4013 272 4080 Apollo
282 4021 342 4066 erat
350 4013 423 4082 quasi
431 4012 502 4064 Deua
515 4015 670 4083 καθαρτὴς.
693 4013 750 4065 vid.
759 4012 862 4070 Miillcr.
874 4014 979 4076 ibidem.
988 4035 1014 4088 p.
1022 4017 1072 4081 aaa
1081 4034 1138 4088 sqq.

103 4101 165 4168 (196)
180 4103 260 4158 Testis
273 4102 368 4156 Strabo
380 4105 421 4168 X,
434 4121 463 4174 p.
474 4105 524 4172 479
534 4106 564 4159 C.
582 4105 620 4156 Ch
631 4103 738 4156 omnino
749 4102 845 4166 tlh-ici,
856 4104 916 4158 lect.
925 4107 998 4160 xlx.

948 4199 991 4272 5*
