2814 4906
482 425 723 474 rfflnosorms.
787 426 792 434 ·
1074 411 1136 470 497

59 591 133 684 xit,
151 603 272 664 contra
289 591 418 665 velocia
435 590 546 666 calido
562 591 735 692 sanguiue
751 589 899 663 incitari.
948 587 1014 664 Sed
1027 615 1131 687 prae·

57 726 122 784 ter
153 707 242 785 illud
272 712 497 812 ingeniorum
526 712 712 786 discrimen
741 710 859 784 variae
894 725 979 782 sunt
1002 711 1134 782 artium

57 831 265 904 facultates:
291 831 349 904 alii
372 859 483 906 manu
504 833 637 925 dextri,
659 833 718 906 alii
737 832 879 930 lingat,
901 831 958 904 alii
977 832 1136 921 artifices,

58 951 122 1024 alii
133 967 296 1028 oratores.
348 953 447 1026 Hanc
458 952 697 1028 diversitatem
712 980 754 1026 eo
766 953 856 1026 effici
867 954 1023 1050 putavit,
1038 952 1136 1051 quod
1196 1007 1198 1011 -

57 1071 139 1144 aliis
155 1074 193 1144 in
211 1073 344 1172 lingua,
362 1072 437 1146 aliis
453 1075 491 1145 in
508 1100 620 1148 manu
636 1077 681 1146 sit
696 1076 714 1162 ἡ
730 1077 816 1168 μέση
835 1078 963 1172 κρᾶσις,
978 1087 1021 1147 ut
1035 1086 1135 1146 vocat

58 1192 337 1290 Theophrastus,
355 1195 378 1266 i.
402 1220 434 1267 e.
458 1193 579 1266 media
599 1196 675 1267 sive
694 1199 864 1293 aequalis
882 1198 1137 1267 elenwntomm

59 1317 273 1410 temperies,
302 1340 396 1416 quae
426 1317 571 1415 optima,
597 1331 641 1390 ut
665 1317 836 1408 vidimus3
859 1343 925 1414 pro
948 1341 1021 1416 quo
1046 1313 1138 1386 Plu-

57 1435 206 1508 tarchus
237 1435 359 1510 minus
392 1452 472 1536 apte
508 1439 610 1535 pouit
638 1439 677 1512 rb
703 1439 908 1536 ἡγεμονικόν,
935 1437 1070 1509 dicens:
1097 1435 1136 1510 τὸ

58 1556 251 1653 ἡγεμενινδν
277 1554 517 1653 (Ἐμπεδοκλῆς
545 1559 664 1657 ἔθηκεν)
696 1561 766 1634 οὔτ’
793 1558 824 1636 ἓν
850 1562 983 1655 κεφαλῇ
1013 1556 1083 1631 οὔτ’
1106 1553 1137 1630 ἐν

59 1673 195 1773 θώρακι,
212 1677 290 1754 ἀλλ’
302 1677 334 1754 ἓν
345 1677 482 1775 albert,
493 1680 561 1758 ‘lto
573 1681 644 1759 καθ’
659 1682 722 1758 ὅτι
738 1679 778 1758 lor
795 1684 891 1780 μέρος
906 1689 965 1755 τοῦ
982 1677 1138 1776 σώματος

59 1803 175 1874 πλεῖον
195 1795 215 1898 ᾖ
236 1806 507 1900 παρεσπαρμένον
530 1807 570 1882 τὸ
591 1806 799 1903 νῆεμονεκόν,
819 1801 919 1880 oleret
941 1801 1017 1878 κατ’
1039 1797 1137 1876 ἐκεῖνο

57 1917 225 2019 προτερεῖν
236 1924 314 2004 τοὺς
331 1923 624 2023 ἄνθρῶπονεθῑὸε
654 1927 799 2000 »Animi
821 1928 1046 2025 praecipuam
1064 1924 1138 1996 vim

58 2044 101 2114 in
133 2047 304 2142 sanguine
334 2048 470 2144 posuit:
505 2049 668 2146 quocirca
701 2049 739 2118 in
770 2075 843 2147 qua
867 2049 1018 2143 corporis
1039 2056 1138 2144 parte

61 2161 153 2236 haec
175 2166 226 2238 vis
253 2169 362 2266 magis
387 2169 488 2260 insit,
513 2170 556 2240 eri
580 2167 740 2240 homines
763 2169 972 2242 valentiores
996 2165 1082 2238 est.”

113 2416 207 2488 Haec
238 2427 340 2506 sunt,
368 2441 461 2514 quae
485 2414 531 2488 de
556 2413 666 2487 animi
690 2427 840 2502 natura,
865 2411 1070 2510 praesertim
1093 2408 1138 2494 de

63 2534 268 2626 intellectu,
298 2533 346 2606 ab
374 2536 588 2634 Empedocle
617 2534 791 2633 explicita,
805 2534 987 2632 leguntur.
1035 2533 1138 2622 Quae

62 2655 207 2751 placita,
236 2656 300 2729 etsi
331 2671 564 2730 consentanea
596 2670 683 2729 sunt
706 2659 817 2752 ipsius
843 2654 990 2747 rationi,
1022 2652 1140 2724 omnia

62 2790 140 2848 tam
162 2777 281 2850 divina
301 2802 411 2877 quam
436 2763 594 2850 humana
618 2802 664 2849 ex
689 2775 873 2849 elementis
897 2788 971 2846 orta
996 2787 1032 2845 et
1057 2799 1138 2848 con-

61 2893 146 2967 flata
170 2898 356 2990 statuenti,
380 2911 500 2970 tamen
525 2899 564 2968 iu
580 2897 710 2970 multas
726 2894 931 2968 inciderunt
946 2894 1138 2993 reprehen-

63 3013 198 3088 siones:
224 3043 292 3090 nec
313 3019 501 3094 immerito.
534 3017 660 3109 Nam,
684 3031 727 3091 ut
747 3017 812 3090 aha
833 3017 992 3090 omittam
1009 3023 1089 3108 ³1⁷,
1111 3017 1139 3087 si

63 3135 189 3211 similia
207 3137 378 3212 similibus
395 3151 597 3233 noscantur,
614 3138 790 3239 quomodo
804 3139 843 3213 fit
859 3151 901 3210 ut
921 3162 995 3208 non
1017 3161 1138 3209 omnes

96 3291 169 3357 (316)
185 3293 316 3346 Plutarch.
332 3295 429 3346 strom.
449 3295 518 3365 apud
535 3295 627 3346 Euseh.
649 3295 740 3362 Praep.
759 3296 805 3346 Eu.
829 3297 857 3350 1,
881 3296 904 3344 8.
927 3311 950 3362 p.
976 3295 1007 3353 st
1026 3293 1060 3344 Ι).

96 3381 169 3446 (317)
185 3383 271 3435 Veluti
290 3384 361 3454 qnod
378 3383 560 3436 animadvertit
581 3384 727 3436 Aristoteles
748 3385 861 3452 Metnph.
881 3385 922 3444 11,
940 3385 969 3442 4,
993 3400 1021 3452 p,
1036 3382 1085 3434 662
1103 3383 1138 3432 E:

65 3474 111 3522 διὸ
127 3475 175 3524 καὶ
189 3478 339 3540 συμβαίνει
353 3475 427 3544 αὐτῷ
440 3479 488 3527 τὸν
504 3475 756 3538 εὐδαιμονέστατον
769 3477 840 3526 θεὸν
851 3473 910 3544 (τὸν
918 3473 1043 3545 σφαῖρον)
1054 3463 1140 3540 ἧττον

63 3567 194 3633 φρόνιμον
212 3561 285 3620 εἶναι
302 3570 357 3620 τῶν
370 3569 468 3620 ἄλλων·
487 3569 516 3622 οὐ
533 3573 585 3639 γὰρ
599 3573 728 3638 γνωρίζει
742 3573 777 3620 τὰ
789 3580 915 3638 στοιχεῖα
929 3572 1031 3621 πάντα·
1043 3571 1075 3618 τὸ
1087 3570 1139 3632 γὰρ

63 3668 153 3719 νεῖκος
172 3663 221 3714 σὺν
239 3663 313 3731 ἔχει,
333 3665 350 3728 ἡ
370 3663 403 3714 δὲ
417 3664 512 3728 γνῶσις
529 3666 579 3714 τοῦ
596 3663 692 3727 ὁμοίου
710 3665 748 3732 τῷ
765 3661 856 3732 ὁμοίῳ.
889 3660 1054 3728 »Empedocli
1069 3677 1139 3712 sum·

62 3767 135 3801 mum
154 3751 238 3805 Deum
258 3755 451 3822 (Concordiam)
470 3756 553 3806 minus
571 3755 753 3822 intelligentem
772 3771 826 3806 esse
847 3752 953 3822 reliquis
974 3749 1139 3812 animalibus,

59 3842 160 3914 'quippe
166 3845 211 3912 qui
218 3843 365 3896 Discordiae
372 3861 459 3896 exsors
468 3846 536 3897 hane
546 3862 598 3896 non
607 3851 703 3908 noscat,
711 3861 792 3914 quum
804 3843 894 3894 similia
906 3849 1008 3894 tantum
1017 3838 1139 3890 similibus

62 3933 227 3984 noscantur.”
262 3933 334 3986 Idem
350 3935 413 3986 dicit
431 3934 464 3986 de
481 3935 561 3987 Anim.
579 3938 607 3995 1,
619 3933 647 3999 5,
665 3951 693 4002 p.
706 3934 754 3995 484
767 3933 794 3985 ll.
827 3933 960 4000 Repetunt
971 3935 1143 4000 interpretes:

64 4019 134 4073 stez
156 4021 183 4071 in
202 4022 315 4090 Metaph.
331 4023 413 4076 seror.
434 4007 539 4075 sosoi.
561 4040 587 4092 p.
605 4022 669 4084 cm
689 4021 825 4091 Phrropon.
840 4021 872 4072 νε
884 4022 964 4072 inim.
984 4021 1022 4083 s,
1040 4021 1071 4083 ³÷
1092 4020 1142 4071 aro.

65 4109 120 4160 Hoc
131 4118 219 4163 temen
231 4113 359 4178 argutius,
379 4121 409 4164 ut
420 4113 517 4180 judicat
527 4113 618 4166 Ritter.
628 4115 655 4164 in
667 4114 748 4166 Wolfii
762 4113 808 4165 Lis,
824 4112 892 4164 Anat.
905 4114 949 4171 lv,
963 4129 987 4181 p.
1000 4113 1057 4174 his.

73 4264 76 4270 .
114 4201 179 4274 Ill.
975 4209 1020 4280 32
