2776 4916
248 387 312 450 200
470 411 486 452 s
652 396 931 446 conunnraarus

245 571 332 639 δηλοῖ
348 574 382 633 rb
402 575 502 636 clara
517 567 571 633 'ira
588 565 722 632 siccasset
739 569 827 640 ἥλικα
843 574 922 632 narb
939 576 992 640 τῆν
1008 565 1134 666 γένναν.
1161 567 1309 652 Recthui

248 671 318 732 dem
346 671 441 746 baec,
471 691 531 732 nec
561 681 664 734 tamen
684 669 871 752 Empedoclis
891 681 1024 732 mentem
1048 669 1139 752 plane
1162 671 1307 754 explicant.

244 778 299 844 ’1η
323 774 492 858 significat,
525 773 627 834 omnia
653 773 708 836 ista
735 774 883 836 elementa
911 785 941 835 et
949 775 1114 858 'principia
1139 776 1221 858 paria
1246 777 1310 838 inter

248 903 277 942 se
298 901 358 941 esse
378 885 537 960 potestate,
559 867 681 939 nullum
701 876 761 938 alio
777 881 874 962 majus
887 877 934 938 vel
948 877 1093 956 deterius;
1114 883 1217 954 ἥλικα,
1235 901 1309 940 canc

244 997 276 1046 ta
296 1005 357 1047 esse
378 991 510 1042 aeterna.
551 980 646 1041 Etiam
667 1003 684 1040 a
704 980 879 1042 Parmenide
900 1001 944 1040 vs.
961 979 1034 1056 124,
1055 982 1146 1044 ambo
1166 983 1311 1059 elementa,

246 1089 302 1150 iux
323 1098 354 1149 et
372 1107 454 1160 nox,
471 1086 522 1152 ira
542 1095 698 1146 vocantur.
733 1083 821 1148 Plura
843 1083 880 1144 de
898 1083 957 1146 hoc
979 1085 1013 1146 in
1033 1083 1197 1154 dissert..—
1213 1095 1310 1169 yios»,

246 1202 282 1252 ut
301 1212 343 1252 vs.
365 1189 427 1252 3³2
446 1196 551 1271 γέννᾳ,
582 1188 665 1270 apud
685 1187 894 1250 Parmenidem
914 1209 955 1248 vs.
974 1187 1015 1248 61
1037 1196 1154 1272 γένναν.
1187 1192 1237 1254 ubi
1255 1213 1312 1278 per-
1373 1177 1374 1186 ¹

246 1316 351 1378 peram
370 1315 420 1355 me
439 1301 538 1376 yeme
559 1292 720 1374 scripsisse,
743 1292 862 1352 monuit
882 1292 1039 1355 Preller.l.
1052 1294 1075 1356 1.
1089 1303 1177 1379 γέννᾳ
1196 1297 1261 1358 item
1278 1308 1312 1358 est

246 1403 281 1466 in
301 1399 462 1482 Euripideo
484 1421 569 1460 versu
589 1417 682 1481 quern
702 1395 772 1456 dedi
791 1414 881 1476 supra
901 1417 934 1479 p.
958 1397 1027 1460 196.
1373 1435 1375 1476 p

291 1506 341 1566 Vs.
365 1505 433 1571 115.
476 1513 560 1584 ημῆς
588 1502 614 1569 δ’
640 1537 682 1547 -
707 1504 787 1577 itae.)
825 1502 896 1578 ἦθος,
926 1503 1082 1583 incenium
1111 1506 1269 1590 cujusque,
1286 1506 1311 1565 in
1375 1528 1376 1580 1

247 1631 283 1674 eo
309 1610 462 1696 positum,
493 1607 580 1694 quod
608 1605 691 1668 aliud
723 1616 767 1666 est
783 1604 939 1681 lucidum,
960 1605 1045 1666 aliud
1069 1627 1217 1691 opacum,
1238 1609 1312 1670 etsie

232 1732 358 1797 'porr03
378 1728 465 1795 ιημῆ,
486 1734 615 1788 munos,
633 1713 666 1772 in
686 1731 740 1787 eo,
762 1709 845 1793 quod
865 1708 946 1770 aliud
961 1709 1179 1774 elementorum
1194 1725 1312 1788 noctem,
1374 1719 1376 1786 1

248 1818 333 1880 aliud
352 1820 471 1895 lucem,
493 1815 576 1880 aliud
598 1815 752 1892 tellurem,
773 1799 969 1891 etiamne,
990 1814 1074 1877 aliud
1094 1816 1185 1880 aliam
1205 1829 1313 1880 naturae

248 1933 365 2005 partem
388 1923 475 2006 quasi
492 1921 526 1982 in
548 1941 601 1982 sua
626 1918 757 1998 dictione
781 1928 890 1980 teneat.
1376 1931 1377 2012 j

292 2029 341 2087 Vs.
370 2026 431 2091 116
457 2047 518 2112 sq..
542 2031 572 2094 ἐν
601 2029 633 2092 ’t
661 2030 741 2106 μέρει
772 2027 859 2099 κτλ)
898 2023 1033 2106 Simplie.
1060 2025 1152 2110 Phys.
1183 2027 1312 2102 1341,
1376 2019 1377 2044 ³

249 2131 353 2194 eadem
373 2131 499 2214 pagini,
520 2130 612 2192 modo
633 2139 763 2207 suetoso,
784 2129 876 2190 modo
894 2134 1019 2210 xpioores
1038 2129 1117 2191 illud
1134 2153 1204 2193 voro
1219 2132 1314 2193 ibidem

232 2235 271 2296 Ι1.
291 2234 379 2312 81,
400 2234 460 2296 273
480 2235 517 2297 Α.
559 2235 671 2318 Tangit
685 2233 770 2294 hunc
783 2233 887 2296 locum
902 2234 1071 2297 Aristoteles
1087 2234 1179 2319 Phys.
1192 2238 1273 2312 vul,
1292 2236 1314 2311 13
1377 2255 1378 2310 1

248 2361 280 2422 p.
297 2338 362 2400 620
382 2341 415 2402 li.
457 2339 600 2402 Indicant
623 2338 699 2400 haec
720 2338 830 2414 verba,
855 2361 920 2400 non
940 2338 1039 2401 solum
1059 2339 1151 2400 ambo
1171 2340 1223 2401 iila
1242 2341 1316 2424 prin·
1377 2321 1378 2326 ¹

249 2444 348 2526 cipio,
375 2443 537 2504 amicitiam
557 2455 587 2504 et
607 2443 804 2519 discordiam,
835 2443 888 2505 scd
908 2445 999 2506 etiam
1019 2445 1183 2522 elementa,
1212 2445 1316 2507 mutatis

248 2547 378 2626 vicibus,
409 2547 493 2608 aliud
518 2570 590 2631 prae
614 2548 674 2609 alio
698 2548 847 2610 dominari
854 2573 864 2625 ;
895 2548 979 2633 qnod
1001 2561 1116 2632 spectat
1136 2549 1318 2634 probabiliter
1378 2579 1379 2610 3

251 2652 290 2713 ad
316 2663 528 2735 tempestatum
555 2654 734 2714 mutationes
766 2653 897 2736 aliasque
928 2654 1162 2732 vicissitudines,
1195 2653 1316 2740 quaein

250 2768 359 2820 natura
376 2768 558 2818 cernuntur:
573 2768 607 2818 ut
623 2757 656 2817 in
673 2756 788 2820 dissert.
804 2756 974 2840 explicabo.
989 2757 1029 2818 of.
1045 2757 1120 2821 haec
1134 2759 1269 2835 Lucretii,
1282 2757 1316 2832 11,

250 2883 291 2923 vs.
313 2861 373 2924 573
396 2885 462 2948 sqq.

412 2968 461 3031 Sic
490 2989 616 3051 aequo
644 2967 756 3050 geritur
777 2969 939 3030 certamine
959 2969 1181 3052 principiorum

412 3073 456 3132 Ex
476 3069 600 3131 infinito
620 3081 811 3132 contractum
831 3083 965 3155 tempore
984 3071 1118 3150 bellum3

411 3176 500 3237 Nunc
518 3173 570 3236 hio
590 3195 676 3236 nunc
696 3175 759 3236 illic
779 3188 923 3259 superant
943 3176 1044 3238 vitalia
1064 3199 1181 3271 perum,

413 3282 449 3341 Et
468 3289 649 3361 superantur
671 3280 753 3340 item.
775 3314 816 3329 -

290 3387 340 3448 Vs.
370 3383 439 3446 117.
479 3394 529 3452 net
554 3387 639 3464 Φθῐνεε
669 3390 756 3462 κτλ.)
796 3387 883 3446 Hunc
906 3406 1045 3463 versum,
1075 3387 1183 3470 quiet
1209 3384 1317 3448 iuferius

248 3489 303 3573 (ss.
337 3487 409 3572 1³9)
449 3489 641 3572 praecedenti
675 3488 890 3572 subjungitur,
929 3491 1105 3572 interposui.
1157 3492 1226 3573 Ipse
1253 3490 1318 3552 Sim-

248 3593 376 3676 plicius,
410 3598 463 3654 etsi
489 3593 511 3656 f.
539 3592 579 3654 34
608 3594 634 3654 A
669 3605 780 3654 ceteros
810 3614 910 3654 versus
945 3595 1051 3658 ordine
1082 3595 1212 3660 referens
1245 3591 1317 3654 bunc

250 3698 383 3776 omittat,
402 3710 503 3758 tamen
525 3698 629 3758 eidem
648 3698 760 3780 pagini
780 3698 885 3780 paullo
906 3710 988 3781 post,
1011 3701 1043 3761 in
1063 3699 1170 3761 iisdem
1190 3701 1318 3780 interpre·

250 3801 368 3877 tandis,
389 3801 474 3863 hunc
498 3803 598 3884 ipsum
620 3823 748 3886 quoque
767 3802 865 3862 addit:
896 3807 940 3871 ἴῃ
966 3808 998 3870 33
1024 3810 1064 3881 εἷς
1094 3811 1218 3880 ἄλληλα
1239 3826 1319 3882 μετα·

124 3987 127 3994 Ι
250 3912 371 3985 βάλλει,
393 3912 478 3980 'nati‘
495 3907 604 3990 λέγων,
627 3911 676 3974 »tv
696 3910 728 3974 δὲ
747 3914 823 3988 μέρει
837 3942 917 3957 --
931 3907 1040 3986 α’ίσηὲἶ
1084 3909 1180 3972 Verba
1197 3913 1279 3990 Φθίνει
1293 3914 1319 3964 θῑ

249 4016 368 4093 ωἰῖξὲται
390 4014 523 4074 similiter
544 4014 680 4097 opposita
701 4014 826 4074 suntin
847 4015 994 4098 Euripidis
1014 4016 1102 4093 loco,
1133 4038 1223 4100 quem
1242 4011 1317 4074 anuli
