2768 4916
77 609 216 684 accessio
242 609 330 680 facta
356 618 408 679 est
433 631 453 676 e
478 603 645 702 Simplicii
670 602 932 677 commentariis
957 605 994 674 in
1018 605 1151 678 Aristo·

77 755 144 828 telis
179 751 283 824 libros
319 750 371 824 de
406 748 561 840 Coelo,
585 775 605 822 e
631 748 735 845 cujus
759 750 874 846 operis
899 747 1016 820 codice
1041 749 1150 822 Taur.

79 896 202 996 aliquot
246 893 467 966 Parmenidis
507 907 544 966 et
582 893 804 992 Empedoclis
840 919 964 968 versus
1005 893 1152 992 protulit

79 1040 291 1114 Amedeus
316 1039 492 1136 Peyron
516 1039 555 1109 iu
578 1036 695 1112 libello
720 1040 901 1136 inscripto:
929 1038 1151 1134 Empedo-

10 1287 11 1294 ἵ
80 1187 151 1256 elis
186 1200 222 1258 et
255 1183 553 1280 Parmenidis
577 1181 800 1282 fragmenta
833 1209 853 1254 e
888 1183 1010 1254 codice
1046 1182 1152 1255 Tau·
1181 1235 1185 1246 ι

10 1309 12 1314 ’
82 1333 141 1402 riu.
174 1330 342 1434 biblioth.
373 1331 540 1400 restituta
571 1341 637 1401 etc.
669 1329 822 1425 Lipsiae,
861 1332 963 1402 1810.
1018 1327 1152 1402 Eadem

10 1511 11 1584 j
83 1474 266 1573 fragmenta
307 1499 352 1550 ex
391 1473 464 1546 aliis
513 1471 689 1547 codicibus
739 1473 976 1548 emendatiora
1016 1477 1152 1572 repeti-

10 1703 11 1708 *
83 1635 202 1692 verunt
226 1621 370 1693 Gaisf
378 1620 464 1693 ord
511 1625 549 1693 in
599 1621 725 1693 Potin
766 1620 968 1692 minoribus
1006 1623 1153 1718 graecis

83 1763 116 1833 Τ.
139 1765 208 1856 ΙΙΙ,
233 1782 268 1839 et
293 1767 479 1840 Brendis
503 1769 538 1838 in
559 1768 723 1839 Scholiis
741 1768 993 1839 Antunticis.
1044 1766 1154 1837 Prae-

10 1951 11 2006 4
84 1922 128 1982 ter
159 1911 216 1984 illa
257 1900 301 1986 ad
338 1911 605 1988 emendandum
643 1911 896 2010 Empedoclem
933 1923 1153 1984 accesserunt

10 2069 12 2144 g
84 2056 265 2131 nonnullae
290 2060 450 2134 virorum
475 2058 660 2131 doctorum
686 2058 928 2154 conjecturae,
952 2069 996 2130 ut
1013 2080 1152 2153 nuper-

85 2201 161 2274 rime
192 2201 355 2276 Theod.
388 2202 583 2301 Bergtii‚
615 2203 653 2272 in
685 2202 788 2272 Actis
810 2202 1006 2272 Societatis
1037 2199 1153 2272 Grae-

86 2370 141 2416 cae
169 2349 208 2421 Ρ.
236 2350 271 2440 Ι,
303 2361 341 2420 et
372 2349 499 2445 passim
524 2347 598 2420 aliis
623 2345 706 2418 locis
732 2349 927 2446 propositae
941 2359 973 2420 ⁴.
1026 2348 1154 2445 Itaque

11 2513 12 2556 t
86 2515 132 2562 res
159 2492 227 2589 jam
261 2495 309 2565 sic
340 2508 415 2566 erat
449 2507 665 2588 comparata,
700 2506 743 2565 ut
768 2517 905 2566 novum
929 2489 1153 2588 Empedoclis

87 2637 270 2710 carminum
306 2653 342 2712 et
373 2638 585 2738 placitorum
616 2645 798 2737 σύνταγμα
823 2649 1069 2736 expeteretur,
1094 2637 1153 2708 cui

89 2784 217 2856 muneri
246 2799 289 2856 ut
320 2784 578 2875 satisfacerem,
603 2799 719 2856 tctum
744 2809 834 2881 opus
858 2783 902 2854 de
929 2782 1065 2879 integro
1090 2808 1153 2854 re-

11 2933 12 2946 *
90 2927 298 3004 tractandum
324 2929 484 3026 suscepi:
511 2931 730 3028 antiquitatis
754 2931 880 3001 scrinia
906 2929 1066 3020 excussi3
1090 2927 1153 2997 in-

12 3077 13 3080 ’
90 3067 197 3169 dagavi
209 3075 419 3148 carminum
440 3073 622 3173 reliquias;
648 3099 778 3167 pauca,
793 3099 887 3172 quae
904 3086 967 3144 aut
985 3073 1153 3172 fugerant

12 3273 13 3296 ᾖ
89 3214 251 3290 Sturzium
288 3233 350 3290 aut
384 3231 463 3316 post
498 3243 584 3290 eum
616 3233 757 3326 reperta
784 3232 910 3309 erant,
932 3217 1061 3315 adjeci3
1087 3216 1151 3288 alia

12 3343 13 3370 ³
89 3359 275 3461 Empedocli
325 3365 411 3436 falso
457 3378 520 3438 aut
562 3379 695 3437 temere
730 3363 863 3437 tributa
897 3361 1076 3461 segregavi
1112 3369 1152 3450 ⁵3

72 3539 79 3554 ·
114 3519 147 3584 (4)
161 3523 228 3581 Quae
244 3522 367 3588 Berglrius
385 3524 410 3572 iu
432 3521 646 3591 Epherneridibus
660 3522 789 3589 inscriptis
802 3520 951 3572 zeitschrift
967 3518 1011 3569 tur
1029 3519 1054 3571 d.
1069 3519 1150 3571 Klasc

89 3629 260 3688 ttuuhumsw.
288 3654 313 3686 a.
347 3636 408 3697 1837
428 3637 543 3704 scripsit,
568 3644 675 3687 exarato
697 3638 747 3700 jam
767 3634 950 3686 commentario
971 3648 1028 3683 tneo
1050 3649 1151 3685 meeum

89 3751 272 3814 communicata,
294 3729 321 3800 in
343 3749 472 3802 Addendis
498 3750 649 3800 aremoravi.
701 3805 704 3812 ,

114 3857 146 3925 (5)
163 3864 272 3922 Quaene
282 3865 339 3934 quis
349 3864 524 3932 negligentiae
534 3881 575 3915 τοο
586 3865 678 3914 omissa
691 3871 775 3931 putet,
783 3864 869 3931 paucis
880 3862 1007 3915 indicabo.
1019 3862 1061 3911 Vs.
1073 3875 1101 3910 21
1113 3879 1150 3932 up

89 3975 130 4040 (etl.
148 3980 254 4049 Simul:
276 3983 341 4034 οὔτε
361 3982 437 4034 θεῶν
454 4000 495 4038 τις
512 3981 610 4044 κόσμον
630 3981 689 4030 κτλ.
723 3979 789 4029 Sunt
809 3978 886 4032 verba
904 3976 1089 4040 Heracliti3
1109 3993 1153 4044 pa·

90 4089 140 4146 riter
149 4105 176 4150 ut
187 4116 222 4153 vs.
236 4099 285 4162 354
295 4118 301 4150 :
313 4101 408 4158 νέκυος
422 4102 539 4168 κοπρίων
549 4097 755 4166 ἐκβλητότεροι.
780 4095 819 4144 Vs.
834 4093 897 4160 390:
911 4087 969 4146 ἶσόν
980 4114 1022 4146 τον
1036 4093 1154 4158 κυάμους
