2814 4906
231 407 301 480 toe'
618 429 666 474 ue
686 425 908 486 ¹nrrrsoocnrs

229 599 336 672 ducta
359 610 396 670 et
419 595 523 670 variis
545 591 654 666 modis
673 607 826 684 mutata,
846 607 918 664 tam
940 591 979 662 in
1001 590 1100 688 vulgi
1120 589 1301 688 opiniones

231 743 340 816 quam
363 719 403 790 in
427 713 715 815 philosophorum
737 713 911 786 doctrinas
936 713 1060 810 serpsit
1077 717 1131 802 ¹⁸,
1155 739 1176 784 a
1202 711 1305 784 nullo

230 855 350 913 tamen
384 837 493 936 magis
519 859 631 934 quarn
651 833 696 906 ab
719 833 932 933 Empedocles
956 833 1147 926 celebrata,
1168 859 1309 932 quam-

228 959 351 1033 obrem
375 956 453 1056 ejus
480 953 698 1054 philosophia
730 953 828 1027 haud
857 956 1033 1029 immerito
1062 983 1082 1026 a
1110 951 1306 1025 Plutarcho

229 1080 320 1153 dicta
345 1092 398 1151 est
425 1075 676 1172 δενοοδουμονὶνς
705 1075 877 1156 ἀνάπλεως
911 1089 947 1197 et
976 1068 1013 1149 sd
1037 1072 1135 1169 pelta
1168 1073 1307 1168 βεβακ-

231 1201 377 1300 χευμένον
394 1211 446 1274 ²9.

278 1444 520 1520 Daemonibus
539 1443 679 1541 cognati
698 1458 734 1516 et
758 1445 915 1517 fatorum
935 1457 1110 1518 consortes
1134 1458 1222 1516 sunt
1243 1445 1308 1518 ho·

230 1570 361 1659 mines,
385 1568 409 1638 i.
430 1591 462 1639 e.
486 1566 654 1637 animae
681 1563 913 1655 hnmanae,
940 1563 1062 1640 divint
1087 1565 1175 1636 item
1195 1567 1304 1662 stirpe
1401 1555 1402 1560 ¹

230 1686 419 1777 oriundae,
430 1685 478 1759 oh
492 1685 714 1758 commissam
724 1709 809 1760 vero
825 1685 968 1788 caedem
980 1713 1001 1758 a
1013 1684 1108 1758 coelo
1123 1687 1162 1757 in
1173 1699 1300 1758 terram

230 1822 273 1881 ut
284 1806 448 1882 exsilium
459 1803 767 1905 ejectae(q)oyrider
781 1805 907 1904 delta),
917 1832 1084 1901 corporeo
1094 1807 1303 1881 vestimento
1401 1897 1402 1904 ἵ

231 1934 370 2026 (σαρκῶν
385 1927 518 2028 χιτῶνι)
538 1927 685 2001 indutae
704 1944 740 2003 et
757 1955 821 2030 per
841 1946 897 2004 ter
912 1929 1004 2003 dena
1022 1953 1203 2001 annorum
1221 1927 1308 1999 mil-
1401 1961 1402 2012 r

134 2075 136 2082 ’
201 2109 203 2114 ,
230 2054 276 2126 lia
299 2051 382 2150 (τρὶς
411 2054 528 2149 μυρίος
550 2040 646 2149 ripae)
671 2053 710 2122 in
734 2054 848 2127 varias
872 2075 1060 2148 corporum
1081 2050 1219 2162 formas
1234 2050 1309 2121 mi·
1401 2045 1402 2082 ³

230 2201 331 2274 grare
352 2186 489 2247 coactae
505 2183 562 2246 ²0.

279 2297 406 2395 Itaque
436 2293 656 2393 deplorabilis
683 2309 756 2387 est,
783 2320 827 2368 ex
856 2293 1078 2393 Empedoclis
1112 2294 1304 2380 sententia,

230 2417 419 2490 hominum
453 2441 545 2490 sors:
581 2441 602 2490 e
637 2417 727 2489 vivis
763 2415 927 2489 mortales
957 2415 1058 2506 iacti,
1091 2440 1175 2486 cum
1205 2412 1308 2486 luctu

230 2535 337 2626 editi,
367 2537 404 2606 in
441 2533 582 2608 miseria
604 2537 714 2610 vitam
742 2538 974 2636 transigentes
989 2523 1045 2629 ²¹ss
1068 2550 1162 2608 terra
1184 2548 1308 2608 autem

230 2675 445 2755 terrenaque
475 2657 570 2754 regio
590 2655 730 2755 (quam,
760 2671 803 2730 ut
830 2658 977 2755 scriptor
1005 2656 1154 2757 quidam
1181 2656 1308 2747 tradit,

263 2827 322 2892 (rs)
341 2823 398 2875 vid.
419 2825 521 2877 Hesiod.
538 2821 620 2895 Ἕρν.
638 2843 672 2879 rs.
688 2842 732 2877 raa
749 2845 804 2897 sqq.
815 2824 952 2878 Menandri
963 2841 1012 2876 νον.
1025 2841 1040 2876 a
1052 2825 1192 2878 Plutarcho
1202 2825 1311 2896 aliisque

231 2915 339 2979 servati,
357 2916 382 2965 in
404 2915 464 2970 edit.
485 2916 597 2971 Meiuei.
616 2934 640 2986 p.
660 2917 715 2970 aot.
735 2916 867 2970 Plutarch.
884 2914 917 2966 de
938 2914 1006 2968 Iside
1025 2923 1053 2968 et
1065 2915 1127 2967 Otir.
1146 2932 1169 2983 p.
1190 2914 1258 2976 3603
1278 2916 1312 2966 de

231 3004 330 3057 oracul.
352 3003 404 3056 ‹tet
424 3021 448 3072 p.
473 3005 523 3074 4¹9
550 3010 588 3072 A3
611 3007 668 3059 Vol.
690 3009 769 3064 vll,
784 3024 811 3075 p.
835 3005 884 3070 dai
906 3013 934 3058 et
954 3005 1012 3074 649.
1034 2997 1168 3072 wyttenb.
1190 3005 1219 3054 in
1241 3005 1309 3055 Plat.

229 3093 360 3148 Phaedon.
389 3111 415 3162 p.
443 3097 492 3163 289
519 3112 556 3167 tq.
589 3097 715 3150 Nonnulli
739 3097 789 3150 viri
810 3097 881 3149 docti
901 3097 929 3146 iu
949 3093 989 3145 his
1016 3101 1177 3160 agnoverunt
1202 3096 1311 3160 vestigia

229 3184 317 3254 lapario
337 3169 533 3253 augelorum
551 3186 578 3237 in
600 3205 618 3238 s.
636 3187 766 3256 scriptura
780 3187 891 3255 proditi,
910 3185 1026 3236 Slus-aiut
1044 3192 1176 3252 comparat
1192 3201 1237 3233 eos
1248 3200 1312 3234 cnm

230 3274 433 3328 Cabbalistarum
456 3275 546 3328 decem
574 3276 724 3344 saphiris
745 3276 798 3328 sive
820 3273 1005 3328 Aeonihurs
1026 3289 1078 3342 qua
1103 3271 1135 3323 de
1156 3288 1186 3322 re
1205 3273 1315 3340 copiose

229 3363 330 3416 disserit
351 3365 379 3417 in
399 3365 505 3436 Emped.
522 3383 548 3434 p.
569 3366 615 3416 301
636 3383 691 3436 sqq.

261 3455 320 3523 (19)
339 3456 470 3508 Plutarch.
488 3453 521 3506 de
540 3455 622 3507 Genio
641 3455 712 3508 Socr.
736 3475 761 3526 p.
782 3456 844 3519 5803
867 3453 923 3506 Vol
946 3455 1025 3512 Vlll,
1045 3471 1069 3522 p.
1089 3469 1145 3520 ²9²·

263 3547 319 3610 tao)
336 3545 482 3614 Empedocl.
499 3561 548 3597 vsa.
569 3543 628 3609 ss,
645 3547 702 3616 379.
734 3551 811 3600 lutam
823 3551 913 3614 φυγὴν
924 3547 1037 3598 θεόθεν
1047 3543 1215 3598 celebrarunt
1230 3561 1313 3612 prae·
1401 3595 1402 3602 ,

229 3635 318 3686 sertim
342 3635 535 3705 Neoplatonici=
557 3636 608 3690 vid.
634 3639 723 3690 Creur.
746 3637 780 3690 ad
799 3638 882 3690 Procl.
897 3636 930 3690 de
952 3637 1022 3688 linit.
1043 3645 1072 3688 et
1092 3635 1176 3704 palor.
1196 3634 1224 3684 in
1247 3635 1315 3689 edit.
1401 3661 1402 3666 =

228 3723 322 3776 Plotini
345 3725 379 3778 de
399 3723 485 3776 Pulcr.
509 3743 534 3794 p.
560 3729 607 3788 81,
633 3737 687 3781 not.
713 3745 748 3778 rr.

187 3823 189 3832 ¹
263 3817 319 3878 (ar)
336 3814 409 3866 Idem
418 3831 467 3866 vas.
480 3814 558 3882 9-15,
572 3815 629 3878 378.
650 3816 780 3870 Plutarch
790 3817 887 3876 des'ot.
899 3817 981 3868 haim.
991 3834 1016 3886 p.
1028 3816 1093 3884 9643
1105 3813 1162 3864 Vol.
1175 3815 1209 3871 X,
1223 3831 1249 3883 p.
1264 3830 1311 3864 ar:

183 3905 188 3913 ¹
230 3897 429 3974 Ἐμπέδοκλῆς
447 3909 495 3960 καὶ
512 3904 717 3977 Ἡράκλειτος.
738 3945 744 3960 .
763 3944 770 3957 .
789 3912 985 3979 λοιδοροῦντες
994 3913 1046 3972 τὴν
1053 3905 1133 3972 ‚don
1142 3907 1176 3966 ὡς
1185 3909 1313 3974 «taurula

233 4002 280 4050 καὶ
302 4000 423 4064 πόλεμον
448 3987 553 4054 οὖσαν.
576 4041 582 4055 .
603 4037 609 4050 .
630 4008 681 4072 τὴν
700 4007 808 4070 γένεσιν
827 4003 916 4072 αὐτὴν
934 4006 961 4062 ἐξ
979 4005 1089 4062 ἀδικίας
1109 4003 1313 4069 συντυγχάνειν

169 4156 173 4165 Ι
233 4094 340 4161 λέγουσι
345 4129 356 4158 ,
376 4096 414 4162 τῷ
432 4098 529 4165 θνητῷ
548 4102 749 4166 συνερχομένου
770 4103 820 4157 τοῦ
837 4099 990 4152 ἀθανάτου.
