2768 4910
397 433 406 446 .
500 388 741 440 runosorml.
1091 367 1154 436 ³01

123 551 347 654 »Dispergit
366 567 585 654 revocatque
598 555 746 644 Deum,
763 578 962 652 rursusque
980 554 1135 650 receptis

122 673 279 746 »Nectit
298 677 476 748 amicitiis
496 675 681 776 quidquid
699 675 885 749 discordia
906 671 1066 746 solvit:'’

79 806 118 866 ut
132 793 177 868 de
189 821 234 870 eo
253 800 347 870 canit
357 796 575 872 Claudianus
592 806 631 844 ²¹
642 810 672 870 ¹.
711 799 766 872 Sic
780 797 920 900 physica
933 794 1155 894 Empedoclis

78 915 233 990 doctrina
271 945 354 991 cum
386 917 558 1018 theologia
586 919 777 992 arctissime
801 919 983 1011 cohaeret3
1011 932 1083 1010 est,
1110 933 1154 992 ut

77 1035 121 1110 ita
143 1036 282 1132 dicam,
306 1053 457 1114 naturae
478 1037 677 1133 ἄποθέωσις,
700 1057 841 1114 summo
861 1039 943 1139 jure
969 1038 1153 1138 pantheis·

77 1184 153 1232 mus
179 1159 426 1260 appellandus.
477 1161 572 1237 Talis
603 1177 726 1237 antem
756 1161 932 1236 sentiendi
959 1162 1049 1234 ratio
1078 1175 1153 1234 tam

77 1283 294 1380 temporibus
325 1283 459 1382 quibus
483 1285 574 1362 vixit
597 1283 848 1382 Empedocles,
861 1299 987 1384 'qaum
1009 1282 1152 1382 ingenio

76 1401 181 1503 ipsius
198 1421 237 1480 et
258 1405 416 1481 moribus
431 1421 665 1482 consentanea
683 1420 770 1480 erat.
821 1405 967 1504 Quippe
986 1428 1152 1479 evanue-

76 1541 151 1600 rant
176 1527 246 1620 dii,
273 1527 518 1604 obsoleverant
540 1528 704 1622 fabulae,
731 1541 893 1602 emortua
917 1539 992 1600 erat
1014 1524 1151 1624 religio,

76 1677 91 1721 a
114 1650 237 1747 priscis
266 1651 434 1725 Graeciae
461 1650 601 1727 vatibus
625 1663 843 1743 consecrata3
870 1650 918 1722 ita
943 1650 1078 1722 fectum
1107 1657 1150 1719 ut

75 1770 280 1848 eruditiores
303 1788 368 1848 aut
390 1772 557 1853 divinum
574 1798 712 1848 numen
735 1773 840 1872 plane
859 1771 1046 1861 tollerent,
1070 1780 1149 1859 aut,

76 1892 101 1963 si
131 1896 196 1993 qui
230 1907 350 1968 essent
377 1896 510 1970 acriore
540 1893 720 1996 religionis
747 1919 876 1987 sensu,
899 1891 937 1964 bi
958 1902 1151 1968 converte-

76 2031 149 2090 rent
173 2044 210 2092 se
234 2016 280 2090 ad
302 2031 452 2090 naturae
476 2019 567 2092 vires
590 2019 629 2090 in
655 2041 785 2117 easque
804 2015 1040 2088 transferrent
1057 2010 1150 2084 divi-

76 2162 131 2212 noe
163 2140 317 2213 honores
352 2152 389 2213 et
427 2163 603 2232 munera,
623 2137 805 2212 fabulosae
827 2132 1048 2235 antiquitatis
1075 2132 1149 2204 Diis

75 2276 209 2359 negata,
248 2285 409 2363 quorum
441 2259 492 2333 nil
522 2260 594 2332 nisi
617 2261 762 2334 nomina
785 2271 821 2331 et
842 2254 988 2331 umbras
1010 2248 1149 2325 retine-

75 2377 163 2458 bant.
214 2383 286 2458 Sed
309 2383 347 2457 in
376 2381 473 2456 viam
497 2380 696 2456 redeamus.
1143 2385 1145 2394 '

102 2577 172 2643 (arr)
190 2575 325 2628 claudian.
348 2565 380 2628 de
401 2577 476 2659 dens.
498 2573 578 2629 Mallii
595 2573 692 2626 Theod.
711 2591 749 2625 vs.
770 2589 799 2637 72
821 2590 875 2642 sqq.
