2796 4914
457 437 701 486 spinosorum.
1054 424 1119 488 ³2³

48 612 94 677 τοῦ
120 606 262 701 σφοιίρου
277 613 331 678 ³⁷.
383 603 449 675 Hle
478 606 524 678 ita
558 605 714 696 disserit,
750 605 852 704 quasi
884 603 1116 703 Enpedoclen

47 726 233 800 formarum
267 725 455 800 discrimen
491 753 510 800 a
546 730 662 826 prime
696 739 732 800 et
765 723 914 824 simplici
949 725 1116 818 materie,

47 873 143 946 qnam
162 847 301 924 vocavit
321 851 475 946 σφοιίρον,
496 847 720 947 disjunxerit.
760 844 854 918 Alibi
879 871 965 922 vero
987 846 1114 937 refert,
1178 817 1186 942 l

47 968 283 1068 Empedoclem
308 968 439 1060 dicere,
465 966 497 1044 ἓν
525 967 573 1068 τῷ
596 971 728 1068 σφιιίρῳ
746 929 1032 1055 mesella
1051 994 1114 1062 με·

47 1087 172 1190 μίχθιιι,
187 1093 225 1163 in
243 1091 390 1191 sphaera
407 1093 517 1165 mixta
538 1117 612 1164 ease
627 1092 756 1183 omnia,
773 1118 893 1192 neque
917 1091 1033 1166 solum
1054 1091 1114 1164 di-

46 1237 133 1286 versa
151 1213 346 1306 elementa,
366 1212 427 1287 sed
449 1213 555 1286 etiam
577 1212 732 1288 diversas
757 1215 981 1286 animantum
1007 1238 1116 1288 mem·

46 1329 254 1434 brorumque
282 1333 430 1433 species,
462 1335 503 1414 ric
530 1333 568 1426 tt
596 1337 643 1430 μὴ
669 1337 763 1429 μόνον
791 1340 852 1411 cdv
879 1337 1056 1436 στοιχείων
1082 1333 1115 1410 ἐν
1228 1422 1234 1430 ‚

46 1452 188 1546 ἀλλήλοις
205 1459 416 1556 μεμιγμένων
431 1455 464 1532 ἓν
484 1457 532 1557 τῷ
550 1461 705 1558 σφοιίρῳ,
722 1458 817 1534 ἄλλοι
838 1461 895 1536 trel
914 1463 977 1534 τῶν
997 1460 1111 1556 μορίων

45 1583 95 1652 τῶν
118 1576 203 1674 ζώων
218 1583 276 1654 ³⁸.
328 1581 434 1654 lstius
457 1604 542 1655 vero
563 1579 802 1678 ambiguitatis
828 1581 973 1678 culpam
993 1581 1032 1653 in
1055 1581 1114 1679 ip-

45 1727 113 1776 sum
144 1701 396 1800 Empedoclem
427 1705 565 1778 confert
588 1704 630 1782 dc
653 1701 846 1797 ἀσύμφωνοι
867 1701 1116 1799 ὑποτιθέμενον,
1189 1790 1191 1795 ,
1293 1787 1295 1796 p

45 1827 168 1925 quippe
197 1826 262 1924 qni
285 1851 407 1910 unum
438 1825 663 1926 aliqmtenus
688 1826 794 1900 faciat
820 1823 1008 1898 materiem
1035 1825 1112 1898 ele·

46 1950 162 2020 mentis
185 1948 394 2047 subjectam,
419 1946 646 2048 aliquatenus
666 1941 825 2043 ipsorum
853 1945 1115 2020 elementorum

46 2067 311 2142 concretionem:
330 2069 493 2168 quocirca
510 2065 647 2157 ίίδηλον,
659 2066 793 2168 inquit,
807 2069 905 2142 τοίοιν
917 2070 987 2167 χρὴ
1005 2066 1115 2144 τίθεσ-

45 2186 86 2262 θιιι
108 2189 240 2290 ἀρχὴν,
265 2190 341 2266 ’ίσον
367 2189 405 2264 ἓν
433 2196 494 2266 τῶν
521 2190 598 2288 τοιρ’
626 2193 728 2264 αὑτοῦ
751 2195 958 2289 λεγομένων,
978 2193 1115 2288 τότ-ερον

44 2311 88 2386 τὸν
115 2318 258 2410 σ’φαίρον
290 2320 352 2388 τῶν
386 2315 584 2414 στοιχείων,
615 2313 634 2405 ἢ
664 2322 775 2386 τοιῦτοι
808 2323 867 2388 τοῦ
898 2315 1042 2410 σφοίρον
1057 2323 1112 2388 ³⁹.

43 2435 188 2532 Apparet
222 2435 308 2533 jam,
347 2463 442 2535 quae
471 2434 687 2534 Philoponus
713 2435 751 2508 in
780 2435 1003 2535 Empedoclis
1028 2461 1115 2510 sen·-

43 2556 177 2628 tentiam
201 2555 356 2646 disserit,
380 2557 469 2654 nibil
490 2581 566 2630 esse
587 2558 653 2631 nisi
676 2557 948 2656 explicationem
968 2583 1116 2648 eorum,

42 2697 123 2770 quae
151 2679 254 2776 prius
285 2680 380 2752 varie
407 2677 584 2776 disputata
607 2693 711 2752 erant
733 2678 778 2752 ab
799 2679 998 2753 Aristotele.
1047 2680 1115 2754 ln·

45 2797 174 2873 terdum
199 2813 319 2872 tamen
341 2799 518 2876 diversam
540 2799 742 2898 ingreditur
765 2800 876 2890 viam,
899 2805 1039 2898 οφοιίνοι
1057 2803 1115 2875 in·

44 2928 233 3017 terpretans
248 2919 506 3019 intelligibilem
523 2919 704 2994 mundum
720 2917 877 3018 (νοητίν),
889 2921 1114 3020 adspectabili

42 3062 78 3109 ex
101 3041 288 3116 elementis
314 3039 464 3116 conflato
489 3040 664 3141 (αἰσθητῷ)
687 3045 908 3142 oppositum3
931 3069 1025 3143 quae
1052 3046 1114 3116 in-

43 3169 237 3262 terpretatio
255 3193 274 3238 a
291 3164 648 3241 Neo-Platonicorum
666 3165 826 3241 fontibus
842 3167 950 3242 ducta
961 3167 1114 3242 inferius

43 3301 235 3381 exponetur
255 3297 312 3358 ⁴0.
365 3285 435 3361 lut
465 3302 587 3361 autem
617 3290 792 3387 μίγματος
823 3291 970 3364 notione
1002 3287 1113 3362 semel

42 3410 192 3505 recepta,
227 3407 395 3507 deinceps
428 3409 711 3508 argumentando
742 3437 784 3484 eo
815 3435 1032 3509 processere,
1069 3423 1113 3481 ut

40 3523 303 3625 Empedocleam
325 3531 499 3604 rationem
522 3529 629 3628 plane
650 3530 890 3607 deflecterent.
942 3532 998 3603 Sic
1012 3532 1111 3603 enim

66 3789 117 3856 (37)
132 3791 233 3861 Philop.
245 3794 272 3844 in
285 3793 388 3845 lristct.
401 3793 434 3845 de
446 3794 536 3845 Gener.
548 3803 574 3846 et
587 3794 659 3846 Corr.
672 3797 697 3856 1,
712 3793 729 3845 l.
742 3793 756 3845 5
771 3798 798 3846 Α.

65 3879 116 3947 (38)
133 3882 211 3934 ldem
231 3883 258 3934 in
276 3884 379 3937 Aristot.
392 3881 467 3951 Phys.
483 3887 526 3948 11,
543 3883 582 3936 lit.
592 3883 630 3948 li,
648 3884 685 3936 13.
702 3909 705 3918 =
719 3883 864 3953 Utrumque
876 3881 1013 3952 Philoponi
1024 3883 1110 3933 locum

40 3973 113 4021 totum
124 3973 263 4040 exscripsit
276 3973 359 4026 Stura.
372 3973 480 4052 Emped.
493 3992 518 4043 p.
534 3975 581 4027 aet
594 3983 621 4026 et
633 3973 691 4037 374.
704 3972 736 4025 cf.
750 3973 851 4042 Philcp.
864 3971 925 4023 ibid.
938 3971 976 4023 lit.
990 3973 1024 4032 C,
1038 3971 1061 4022 5.

66 4059 117 4128 (39)
131 4059 294 4131 Philoponus
304 4062 330 4115 in
344 4063 445 4116 Atislot.
458 4064 551 4115 Gener.
564 4072 590 4115 ct
604 4063 676 4115 corr.
690 4065 717 4121 Ι,
732 4063 749 4113 f.
763 4059 778 4112 5
790 4065 815 4112 B.
988 4053 993 4061 ¹

67 4149 117 4214 (to)
135 4149 194 4202 ud.
209 4149 225 4218 fi
240 4151 277 4203 13.

922 4243 989 4314 21*
