2796 4914
476 433 722 484 rumosorurn.
1075 417 1137 482 att

63 600 171 673 molle.
224 601 414 674 Caeterum
437 602 518 694 ieta,
540 615 721 701 quantum
744 597 859 698 eolligi
880 597 976 690 lioet,
997 599 1139 697 Empe·

61 721 170 795 decies
199 747 272 794 non
303 721 496 796 admodum
527 735 692 796 accurate
718 719 901 820 descripsit
922 743 1041 817 neque
1061 718 1138 794 ele-

63 858 262 916 mentorum
291 844 479 916 discrimen
506 841 697 942 diligenter
727 840 879 916 notavit..
925 839 1137 938 Praecipuae

62 987 182 1035 eorum
211 962 398 1062 qualitates
426 963 588 1036 retulisse
619 962 761 1037 videtur
788 961 830 1036 ad
861 962 958 1061 paria
990 960 1135 1034 haeooe:

60 1083 189 1156 siccum
216 1082 428 1176 humidum,
453 1082 609 1156 calidum
636 1082 821 1182 frigidum.
872 1083 965 1154 Hinc
993 1109 1014 1154 a
1042 1083 1137 1154 Sim·-
1236 1091 1239 1102 '

62 1203 158 1300 plinio
175 1204 308 1278 dicitur
325 1202 381 1281 δύο
395 1203 427 1281 ἓν
440 1209 508 1286 τοῖς
520 1205 703 1306 στοιχείοις
713 1201 911 1286 ἐναντιώσεις
925 1201 1137 1300 ὑποθέμενος,

61 1322 197 1425 θερμοῦ
221 1329 278 1402 uui
298 1323 476 1428 ψυχροῦ,
500 1335 614 1426 ύγρού
635 1330 693 1403 νισι)
722 1332 899 1426 ξηρούΜ.
950 1326 1137 1400 sabaeus:

62 1444 97 1524 ἔνι
117 1446 288 1547 τεσσάρων
313 1447 367 1525 σύν
393 1450 571 1550 στοιχείων
597 1449 637 1523 τό
661 1452 753 1540 τοῖν,
780 1452 837 1538 τῆς
860 1449 983 1521 τούτων
1006 1450 1139 1541 Φύσεως
1178 1459 1182 1466 “

64 1567 96 1662 ἐξ
110 1568 258 1647 ἐναντίοιν
274 1570 501 1664 συνεστώσης,
525 1571 741 1670 ξηρότητος
761 1597 800 1645 τε
816 1573 874 1645 κού
895 1569 1139 1669 ὑγρότητος,

65 1697 114 1768 κο)
137 1691 394 1791 θερμότητος
415 1697 474 1770 nal
494 1691 796 1794 ψυχρότητος,
818 1693 885 1768 ύπόΙ
902 1692 1053 1790 τῆιπρός
1071 1691 1139 1768 tti-

62 1829 146 1905 ληλοο
163 1815 344 1918 σἰνολογύος
363 1845 403 1892 τε
423 1820 480 1892 καὶ
498 1815 642 1916 κρούσεως
663 1815 972 1917 ἓξοτερνγοιζομόνης
992 1815 1031 1889 τό
1053 1816 1140 1906 πᾶν,
1183 1889 1186 1894 .

64 1942 116 2015 ιο)
139 1940 342 2036 μεταβολὰς
363 1941 500 2040 μερικόις
524 1945 586 2036 μὲν
612 1946 853 2037 ὑπομενούσης,
874 1947 934 2014 τού
957 1935 993 2014 tt
1016 1937 1139 2019 πιιντός

65 2066 152 2137 λύσιν
167 2064 215 2159 μὴ
228 2061 470 2164 ἐπιδεχομένης
480 2071 539 2140 ⁹⁴.
563 2062 644 2136 illas
659 2088 743 2162 ergo
759 2076 916 2163 quatuor
931 2060 1139 2159 praecipuas

67 2183 198 2258 faciunt
218 2185 480 2259 elementorum
502 2183 706 2286 qualitates:
731 2209 825 2284 quae
849 2182 879 2254 si
901 2180 944 2254 ad
967 2181 1140 2254 elementa

66 2306 276 2399 referamus,
292 2305 451 2380 calidum
469 2331 515 2378 ex
524 2303 748 2404 Empedoclis
759 2302 937 2390 sententia
949 2300 1139 2400 proprium

66 2427 128 2497 erit
137 2427 223 2525 igni;
233 2425 407 2525 frigidum
420 2452 545 2527 aquae,
556 2426 643 2500 item
654 2423 860 2518 humidum,
871 2423 1005 2496 siecum
1018 2435 1141 2496 autern

67 2559 175 2620 terrae
185 2547 248 2645 (*)
297 2547 395 2620 Nihil
416 2546 527 2646 igitur
546 2547 621 2620 adri
641 2546 869 2646 relinquitur,
886 2545 954 2618 nisi
977 2546 1074 2643 ὑγρὸν
1092 2545 1142 2618 in·

67 2679 302 2765 terpretemur
322 2693 395 2740 non
413 2667 624 2762 humidum,
642 2667 704 2742 aed
723 2666 879 2759 molle,
901 2668 1067 2763 μολοοιόν,
1085 2667 1143 2742 id-

67 2811 134 2885 que
153 2790 226 2862 aeri
248 2788 486 2890 adsignemus.
536 2789 620 2883 Sed,
641 2801 684 2863 ut
703 2787 795 2882 dixi,
816 2787 1047 2887 Empedocles
1067 2790 1143 2864 ele-
1250 2857 1259 2865 .

68 2923 265 2982 mentorum
288 2910 489 2984 discrimina
512 2926 548 2984 et
568 2910 727 3012 proprias
747 2908 923 3009 cujusque
947 2925 1046 2984 notas
1070 2937 1141 2984 non

69 3027 254 3105 admodum
285 3030 472 3131 diligenter
502 3032 672 3106 indicasse
704 3030 858 3106 videtur.
921 3031 1012 3106 Hinc
1044 3031 1143 3131 quod

71 3149 263 3226 Aristoteles
288 3177 362 3226 non
381 3154 491 3227 semel
517 3151 788 3246 animadvertit,
808 3151 932 3246 illum,
959 3153 1026 3226 etsi
1044 3178 1143 3252 qua·

70 3319 119 3384 lrig.
137 3339 161 3390 p.
177 3323 235 3390 949.
257 3321 314 3373 Vol.
330 3323 378 3386 IX,
401 3340 428 3392 p.
447 3325 491 3388 τίς]
511 3323 597 3378 Reisk.
614 3323 663 3386 Qui
681 3330 802 3394 spectant
818 3322 897 3392 ipsius
915 3323 1077 3393 Empedoclis
1091 3341 1141 3378 τοι.

73 3410 112 3460 ιο6
125 3428 162 3482 sq.
181 3413 219 3464 Cf,
233 3411 337 3464 Aristot.
354 3411 387 3464 de
402 3414 501 3483 Respir.
519 3431 541 3466 o.
563 3415 609 3478 νύ,
626 3431 650 3484 p.
665 3414 713 3468 δύο
728 3417 763 3468 E:
789 3418 897 3483 θερμὸν
916 3409 988 3468 εἶναι
1006 3418 1038 3468 τὸ
1056 3416 1141 3486 ύηρὸτ

75 3501 150 3566 ἦττον
170 3507 221 3556 τού
241 3505 337 3575 ἀέρος,
355 3511 464 3555 auctore
479 3503 640 3572 Empedocle.

98 3595 150 3662 (93)
167 3594 288 3662 Simplici
301 3594 376 3660 Phys.
392 3591 411 3643 s·
431 3593 463 3654 43
478 3596 515 3657 Α;
534 3593 596 3645 ibid.
614 3593 632 3645 l.
651 3595 681 3656 [μ
703 3598 731 3646 t

97 3685 150 3752 (94)
167 3687 292 3738 Stobaenr
307 3682 359 3736 Eel
369 3680 438 3748 Phys
447 3684 470 3744 1,
480 3699 508 3751 p.
521 3684 584 3746 2883
596 3683 656 3738 coll.
669 3685 796 3754 scriptore
806 3687 858 3740 vu.
877 3689 984 3742 Homeri
1001 3688 1028 3740 in
1046 3689 1139 3758 Opnec.

72 3770 144 3838 truh.
154 3793 180 3844 p.
195 3775 279 3841 3ης
294 3789 347 3844 quo
362 3772 529 3842 συνεστώσης
543 3783 571 3828 et
587 3777 789 3847 ἐπιδεχομένης
801 3780 887 3848 recepi
897 3796 946 3848 pro
957 3779 1061 3832 Stobaei
1069 3778 1142 3833 lectt.

73 3869 221 3937 ουιιστύσης
232 3874 259 3918 et
274 3868 492 3934 ἐπιδεχομένου,
508 3874 632 3920 monente
648 3869 733 3920 Stura.
749 3887 775 3938 p.
796 3887 856 3940 ¹993
873 3876 929 3922 tum
948 3873 1139 3943 ἐξαπορησζο-

72 3961 144 4030 μόνης
158 3961 247 4030 scripti
263 3976 312 4030 pro
330 3963 500 4030 ἔναπερηοιξ.

6 4109 11 4118 ,
97 4053 133 4118 l')
148 4054 227 4107 Aliter
244 4053 358 4122 dirponit
372 4051 535 4114 Aristotelea,
550 4048 583 4103 de
600 4050 693 4103 Gener.
710 4059 737 4103 et
752 4053 827 4107 Corn
848 4055 885 4120 11,
899 4054 923 4106 ³.
942 4055 993 4109 Sed
1006 4055 1070 4111 haee
1087 4075 1139 4110 non

72 4141 190 4203 pertinent
206 4142 239 4195 ad
255 4141 446 4211 Empedoclem.
