2796 4914
264 427 329 494 292
664 433 946 484 connnnranrus

265 615 353 668 sunt:
366 603 561 684 'tunicatis
574 607 723 682 Παυσανίᾳ
737 602 954 681 ὕΦκγήτατντν
969 601 1043 678 (τινὶ
1055 601 1120 675 τὴν)
1131 604 1243 666 Proeti.
1259 601 1337 664 Pitu-

265 713 314 774 lus
326 710 388 788 bic,
402 707 534 793 quamtis
546 727 613 766 non
625 725 753 787 magnae
767 704 959 781 auctoritatis,
969 703 1129 787 significat,
1139 705 1187 787 agi
1199 703 1243 765 bis
1254 707 1338 768 versi·

265 817 323 879 bus
345 815 382 876 de
401 813 525 876 muliere
539 811 592 872 ills
606 810 739 872 exanimi
751 807 789 870 ab
802 797 998 890 Empedocle,
1011 819 1047 870 ut
1059 808 1195 886 traditur,
1209 810 1242 870 iu
1254 810 1337 870 vitam

267 920 421 998 revocatal3
449 921 499 1001 cuj
505 939 537 977 us
562 916 603 976 rei
623 895 771 976 rationem
791 913 842 974 ille
863 915 1025 1004 Pausaniae
1046 913 1225 997 explicuisse
1243 915 1337 974 fertur.

268 1029 336 1091 Jam
350 1026 403 1088 etsi
416 1026 454 1086 de
465 1024 524 1085 boc
537 1043 647 1105 parum
660 1031 792 1098 constat,
801 1030 836 1084 ut
848 1042 937 1104 supra
948 1042 981 1103 p.
994 1020 1033 1081 25
1043 1020 1163 1097 monui,
1172 1031 1337 1082 tamennon

269 1129 485 1214 improbabile,
505 1127 620 1189 sactum
639 1126 717 1186 illud
738 1126 776 1188 ab
797 1127 978 1210 Empedocle
998 1127 1031 1187 in
1053 1127 1200 1210 ’Imma
1224 1147 1339 1188 comme·

270 1244 438 1311 moratum,
459 1245 547 1317 atque
567 1231 643 1292 adeo
663 1230 723 1293 boc
741 1253 879 1310 carmen,
900 1232 1009 1315 pariter
1029 1242 1063 1293 ut
1082 1231 1227 1317 Physica,
1247 1235 1340 1295 Pausa·

270 1340 339 1402 niae
360 1339 493 1400 dicatum
512 1337 617 1414 luisse,
638 1337 677 1398 ad
698 1359 790 1422 quem
809 1338 893 1402 illud¹
904 1346 990 1424 μούνῳ
1005 1368 1047 1407 m
1058 1349 1190 1422 spectare
1205 1347 1306 1421 potest.

312 1444 366 1505 Vs.
383 1443 443 1506 424
454 1466 498 1527 sq.
540 1448 679 1525 Φίρμακα
689 1444 715 1508 δ’
727 1447 796 1512 ὄντα
806 1449 889 1521 κτλ.)
908 1447 1024 1507 Taetzes
1039 1443 1149 1505 omittit
1163 1443 1197 1510 δ’.
1220 1440 1341 1504 Verbum

272 1557 374 1632 κρανία
394 1547 556 1632 Hesychius
576 1549 669 1632 intpr.
691 1555 870 1626 ἐκντελέσνν,
889 1550 1010 1611 fortasse
1030 1546 1063 1609 h.
1084 1547 1105 1608 l.
1128 1558 1281 1631 spectans,
1304 1554 1341 1606 est

271 1654 409 1716 futurum
435 1675 491 1737 pro
512 1663 620 1734 κρανῦ.
649 1653 906 1736 quemadmodum
927 1663 1084 1736 κρανέεσθαι
1103 1678 1161 1739 pro
1182 1661 1335 1738 spurcicias,

272 1759 409 1821 futurum
430 1757 563 1820 medium
584 1757 699 1840 passird
719 1768 884 1840 potestate,
907 1760 990 1842 apud
1011 1761 1129 1822 Homer.
1143 1762 1188 1824 ll.
1209 1791 1236 1837 ν,
1256 1759 1318 1820 626.

316 1867 364 1926 Vs·
391 1862 452 1924 426
482 1885 546 1948 sqq·
588 1871 704 1940 ταύταις
735 1864 760 1927 δ’
787 1870 943 1945 ἂκαμίτνν
970 1872 1057 1944 κτλ.)
1095 1866 1255 1958 llagnifioa
1282 1884 1341 1946 prc-

273 1970 375 2030 missa:
397 1968 512 2051 spirant
531 1968 601 2045 illa,
623 1979 658 2030 ut
675 1971 741 2052 jam
762 1971 870 2055 Satyro
889 1970 1058 2050 ridebatur,
1075 1974 1229 2056 llagorum
1249 1989 1341 2052 super-

272 2074 424 2135 stitionem
454 2072 506 2156 qui
534 2073 790 2136 incantationibus
818 2077 876 2137 suis
898 2077 999 2137 omnia
1020 2099 1050 2136 se
1072 2076 1217 2159 consequi
1240 2086 1272 2137 et
1290 2072 1341 2134 effi·

275 2199 340 2240 cere
360 2198 445 2261 posse
461 2176 629 2260 jactabant.
671 2178 731 2238 llos
751 2200 850 2240 versus
867 2190 982 2262 spectat
995 2178 1182 2244 lamblichus
1194 2181 1252 2241 vit.
1266 2176 1341 2261 Pytb.

276 2284 356 2360 135,
379 2282 432 2344 ubi
453 2282 560 2342 similia
580 2281 617 2344 de
634 2281 804 2366 Pythagora
816 2283 968 2346 fabulatus
981 2283 1091 2347 haecce
1105 2284 1205 2346 addit:
1227 2291 1262 2353 ὂν
1274 2290 1342 2362 (taor
1389 2367 1390 2370 Ἴ

276 2393 374 2473 lmus)
394 2393 620 2469 μεταλαβόντας
639 2387 838 2468 Ἐμπεδοκλέα
856 2416 890 2455 τε
905 2398 952 2456 τὶν
970 2389 1189 2473 Ἀκραγαντῖνον
1210 2401 1259 2458 καὶ
1278 2391 1344 2456 ’Err-
1389 2389 1390 2435 4

277 2500 387 2576 usstass
407 2500 455 2560 alr
474 2501 575 2574 Κρῆτα
594 2494 777 2574 καῒἊβαμν
796 2501 844 2561 τὶν
858 2500 1063 2578 ‘russonum
1085 2506 1226 2579 πολλαχῆ
1245 2499 1343 2564 nual-

277 2615 346 2678 τοὺς
363 2609 488 2668 τοιαῦτα
504 2627 569 2668 τινα
584 2605 824 2667 laressemensi.
865 2599 976 2660 Eadem
1001 2600 1074 2662 dicit
1094 2602 1278 2686 Porphyrius
1295 2600 1343 2660 tis

276 2705 366 2791 Pytb.
388 2728 411 2769 s.
432 2705 484 2767 29.
525 2705 576 2767 llis
597 2705 776 2766 modestiora
796 2703 934 2788 quidem,
956 2705 1343 2789 satisamplatamensunt,

280 2833 357 2895 quac
378 2811 416 2873 de
435 2810 552 2873 vatibus
573 2810 655 2871 canit
675 2809 812 2870 Horatius
832 2809 923 2891 Epist.
946 2809 993 2886 11,
1017 2808 1047 2888 1,
1068 2832 1110 2872 rs.
1134 2812 1211 2874 135:

401 2915 545 2995 coelestes
564 2915 707 2998 implorat
726 2935 819 2999 aquas
840 2912 929 2972 docta
949 2933 1037 2996 prece
1055 2914 1208 2993 blandus,

402 3021 515 3084 Avertit
534 3019 671 3098 morbos,
693 3018 857 3082 metuenda
877 3017 1011 3100 pericula
1030 3019 1133 3102 pellit,
1193 3039 1202 3064 a

404 3129 547 3210 lmpetrat
568 3134 722 3208 et·paoem
745 3133 775 3184 et
793 3121 978 3205 locupletem
998 3123 1134 3206 frugibus
1154 3147 1285 3206 annum;
1387 3099 1388 3165 4

286 3291 289 3297 ,
404 3229 540 3292 Carmine
561 3228 597 3290 lli
617 3229 717 3312 superi
737 3228 909 3310 placantur,
930 3227 1063 3289 carmine
1084 3231 1193 3293 Manes.

282 3341 338 3400 Pro
365 3340 472 3416 ἀνέμων
500 3341 582 3415 μένας
608 3333 715 3394 Suidas
739 3331 831 3402 habet
858 3339 903 3401 iar.
933 3339 1014 3412 βίας,
1052 3333 1190 3397 adversus
1222 3348 1343 3402 metrum.

282 3443 339 3504 Pro
369 3447 482 3524 ἄρουραν
507 3438 614 3500 Lae'rtii
641 3437 739 3500 codex
759 3436 891 3499 lliudob.
923 3442 1055 3520 ἄραντας,
1091 3461 1182 3524 snper
1216 3472 1232 3520 ς
1259 3453 1344 3500 tamen

283 3548 393 3629 scripta
433 3545 519 3608 litera
552 3571 577 3609 ν.
616 3547 733 3628 ἀρούρας
767 3540 882 3604 babent
913 3543 985 3605 item
1020 3547 1131 3608 Tretzes
1167 3557 1197 3608 et
1230 3546 1345 3609 Clemens

284 3650 457 3734 (operarum
477 3649 549 3713 vitio
570 3647 657 3732 Sylb.
678 3649 771 3711 Clem.
791 3649 840 3711 ed.
862 3653 1018 3730 ἀμύνας.»
1037 3663 1201 3737 utrumque
1221 3661 1302 3714 recte.
1385 3701 1386 3708 e

326 3758 374 3816 Vs.
396 3753 466 3816 428.
510 3762 557 3822 καῖ
571 3763 658 3822 πάλιν
671 3755 734 3820 εὖτ’
752 3759 887 3836 tetrarte
902 3763 987 3834 κτλ)
1027 3757 1192 3820 Particulae
1211 3767 1259 3824 nal
1273 3763 1346 3822 eno
1385 3743 1386 3806 4

284 3861 318 3920 in
348 3859 517 3950 Clemente,
549 3859 658 3938 Suida,
687 3859 836 3939 Eudocia,
869 3859 907 3922 ab
939 3859 1127 3944 Empedoclis
1157 3863 1252 3925 verbis
1277 3879 1347 3941 sepa·
1385 3809 1386 3901 4

285 3975 367 4025 ratae
387 3975 475 4041 sunt,
497 3965 582 4053 quasi
602 3987 621 4027 a
641 3965 835 4049 scriptoribus
855 3965 915 4027 illis
935 3965 1080 4043 insertae,
1101 3987 1163 4050 quo
1178 3965 1348 4032 dirersibm·

179 4098 183 4103 ·
288 4067 422 4154 pedoclis
436 4091 534 4131 versus
547 4081 811 4134 connecterentur.
838 4071 1165 4150 RecteveroSturrius,
1181 4085 1347 4156 quamquam
1384 4065 1385 4120 l
