2796 4914
464 407 706 457 rumosorum.
1058 393 1122 458 353

60 575 242 672 uispicatus
262 575 327 661 sit,
351 597 424 645 esse
445 573 482 644 in
506 587 633 650 natura
655 587 691 648 et
713 571 816 645 honi
841 572 1123 671 principium

60 710 90 768 et
108 695 227 788 mali,
253 708 289 768 et
310 691 449 766 honesti
470 708 506 767 et
531 697 664 794 turpis,
692 707 729 767 et
750 692 868 766 decori
890 708 926 767 et
951 691 1123 767 indecori:

61 841 132 888 nam
150 817 178 888 si
200 813 304 914 quis,
331 814 469 914 inquit,
492 841 565 888 non
589 815 712 908 verba,
736 813 796 888 sed
819 841 964 888 sensum
985 818 1125 913 Empe-

60 936 152 1010 doclis
188 950 376 1036 sequatur,
412 937 610 1010 Amicitiam
650 937 734 1012 honi
766 937 1007 1035 principium,
1042 936 1126 1010 mali

61 1057 261 1130 Discordiam
283 1056 328 1129 ab
349 1084 391 1130 eo
412 1056 480 1130 dici
504 1057 690 1160 intelliget:
716 1059 743 1131 el
769 1056 838 1156 γάρ
862 1087 912 1139 τις
935 1057 1126 1147 ἀκολουθοίη

60 1179 106 1251 κοιλ
125 1178 298 1274 λαμβάνοι
319 1181 397 1277 πρὸς
419 1182 474 1272 τὴν
492 1178 634 1256 διάνοιαν
652 1183 708 1256 κα)
725 1182 772 1275 μὴ
789 1183 867 1278 πρὸς
884 1180 908 1256 is
925 1177 1123 1277 ψελλίζεται

59 1301 152 1397 λέγων
185 1299 432 1396 Ἐμπεδοκλῆς,
467 1302 588 1401 εὑρήσει
622 1304 676 1394 τὴν
709 1308 772 1398 μὲν
806 1304 920 1398 Φιλίαν
954 1299 1031 1379 εἶναι
1066 1309 1127 1380 τιῖν

61 1420 199 1519 tydeo,
226 1424 266 1498 το
290 1422 325 1500 δὲ
351 1429 449 1505 νεῖνιοο
473 1428 534 1500 τῶν
554 1428 673 1518 κακοῖν·
695 1423 782 1500 ὥστε
803 1423 880 1506 ἐίτιι
904 1427 986 1519 <puin
1008 1428 1128 1524 τρόπον

60 1573 122 1618 τινα
151 1547 209 1620 κα)
240 1547 351 1645 λέγειν
386 1550 442 1622 καὶ
475 1552 600 1644 πρῶτον
630 1549 738 1645 λέγειν
768 1548 807 1622 rh
841 1550 967 1623 suuis
999 1551 1055 1624 καὶ
1087 1552 1127 1624 το

60 1665 361 1769 ιἰγαθὸνάρχοις
394 1668 645 1765 Ἐμπεδοκλέα,
676 1667 768 1770 τάχ’
801 1699 841 1743 αν
874 1670 970 1768 λέγοι
1002 1677 1127 1764 καλῶς,

60 1787 205 1888 ε’ίπερτο
232 1797 294 1866 τῶν
328 1787 516 1890 οἰγοιθῶνἶ
494 1819 650 1868 απαντυν
685 1789 789 1866 α’ίτιον
824 1793 905 1866 αὐτὸ
933 1790 1126 1890 τὸάγαθον

60 1909 140 2005 ἐντι,
161 1915 480 1990 retractasset
499 1916 596 1990 κακόν
615 1923 692 1990 ¹²⁹.
743 1914 869 2011 Itaque
888 1925 924 1984 et
946 1911 1075 1986 alihi'
1049 1939 1127 1988 sine

61 2031 283 2110 haesitatione
303 2037 504 2109 Amicitiam
524 2049 622 2109 vocat
641 2037 682 2108 rh
701 2031 848 2132 dyadis,
866 2019 953 2109 item
973 2040 1012 2110 rh
1033 2036 1128 2134 lipre-

60 2182 123 2244 τον,
151 2155 367 2228 Discordiam
395 2157 451 2246 rip
478 2165 536 2230 τοῦ
565 2165 666 2231 κακοῦ
696 2161 798 2250 Φύσιν
814 2164 898 2248 ²³⁰3
927 2155 987 2228 sed
1016 2148 1056 2228 in
1087 2185 1129 2230 eo

60 2287 121 2346 tam
159 2267 411 2373 Empedoclem
449 2305 559 2377 quam
604 2280 845 2375 Anaxagoram
882 2275 1129 2373 reprehendit,

60 2396 147 2490 quod
181 2394 364 2495 principiis
389 2399 463 2472 suis
491 2425 558 2472 nec
584 2397 766 2472 commode
793 2405 867 2470 nec¹
893 2412 1129 2496 congruenter

60 2529 221 2589 utantur:
244 2515 491 2613 Ἐμπεδοκλῆς,
508 2519 638 2620 iuquit,
655 2516 712 2593 ἐπὶ
729 2520 829 2593 πλέον
844 2523 905 2613 μὲν
921 2523 1041 2593 τούτου
1055 2520 1129 2618 (τοῦ

61 2633 289 2736 Ἀναξαγόρου)
316 2644 445 2740 χρῆται
473 2645 540 2722 τοῖς
570 2642 701 2734 αἰτίοις,
739 2643 774 2712 οὐ
799 2642 861 2737 μὴν
889 2639 955 2718 οὔθ’
984 2643 1130 2723 ἱκανῶς

63 2759 123 2831 οὔτ’
168 2757 200 2834 ἐν
239 2766 366 2846 τούτοις
405 2766 541 2862 εὑρίσκει
580 2766 618 2839 τὸ
663 2766 1012 2862 ὁμολογούμενον
1051 2771 1128 2840 ¹³¹.

60 2878 156 2952 »Non
180 2883 364 2956 commode
388 2888 461 2961 sive
487 2911 560 2959 non
585 2887 821 2986 sufficienter,
836 2889 921 2984 quia
937 2888 975 2957 in
995 2887 1131 2958 mundo

61 2997 244 3101 rebusque,
269 3003 462 3078 formandis
499 3005 729 3104 Empedocles
764 3005 949 3080 interdum
985 3004 1132 3106 quidem

60 3119 232 3220 principiis
273 3128 346 3200 suis
386 3143 519 3204 constet
558 3141 764 3228 certamque
797 3127 969 3199 rationem
999 3127 1130 3226 (λαγόν)

61 3256 234 3339 sequatur,
254 3247 358 3344 plura
376 3264 495 3323 tamen
519 3249 578 3326 vel
595 3248 677 3348 ipsis
698 3247 882 3321 elementis
902 3247 956 3349 rel
975 3251 1130 3322 necessi-

61 3364 116 3432 tati
140 3379 203 3438 aut
224 3371 320 3443 casui
349 3369 528 3473 relinquat
547 3380 635 3465 ¹³²3
663 3396 737 3444 non
765 3380 1020 3467 congruenter,
1043 3368 1131 3467 quia

60 3486 230 3582 propriam
258 3493 449 3595 utriusque
478 3493 629 3566 sormam
654 3492 692 3593 (τ
692 3492 709 3566 h
733 3485 880 3588 εἶδος)
853 3514 928 3563 srve
951 3492 1130 3588 propriam

86 3646 151 3717 (¹29)
168 3652 273 3704 Aristot.
286 3652 401 3722 Metoph.
420 3656 449 3716 1,
466 3654 490 3715 4
509 3671 536 3722 p
553 3651 684 3714 646FG.
719 3653 755 3701 Φι
758 3651 820 3701 llos
836 3655 863 3700 et
880 3657 970 3706 νεῖκος
986 3644 1037 3698 hoc
1053 3663 1129 3700 sensu

60 3743 221 3805 συμβολικῶς
239 3742 273 3795 ab
291 3743 447 3824 Empedocles
466 3743 685 3810 Pythagoreorum
698 3757 770 3792 more
783 3747 936 3808 usurpatum
949 3753 1018 3800 esse,
1034 3737 1132 3804 judicat

59 3831 150 3902 Asclep.
160 3834 223 3886 inh
234 3832 289 3884 tin
303 3832 386 3885 Schol.
399 3834 475 3885 Arist
486 3851 511 3901 p.
521 3831 577 3884 538.

88 3921 154 3990 (ido)
169 3923 234 3975 lbrd
245 3924 285 3976 XI
297 3924 384 3991 (XII)
400 3939 472 3992 ro..p
487 3923 517 3986 74
503 3920 583 3985 456,
601 3924 669 3976 x111
683 3923 778 3989 (XIV)
789 3921 813 3980 lt·
825 3937 849 3989 p
861 3919 950 3986 7644.

90 4011 155 4080 (131)
173 4013 238 4066 Ibid.
256 4017 283 4077 1,
302 4015 327 4076 4
349 4031 374 4083 p.
393 4013 442 4076 646
461 4013 494 4065 H.
516 4014 570 4065 Cas
589 4011 630 4064 cd.
648 4013 727 4066 male:
746 4011 895 4076 πλέονμὲν
913 4012 1010 4081 τούτῳ.

91 4103 158 4172 (132)
176 4104 212 4158 Cf.
228 4103 383 4176 supradicta
395 4120 419 4173 p.
437 4102 499 4164 3323
511 4103 543 4154 de
556 4103 709 4156 necessitate
720 4113 746 4156 et
759 4121 818 4157 casu
831 4103 975 4158 accuratius
988 4105 1002 4165 4
1018 4118 1054 4153 ιι.

106 4194 169 4270 ΙΙΙ.
967 4193 1010 4266 23
