2768 4916
233 383 275 452 ut
634 398 682 446 nn
706 397 924 473 eurnnoenrs

234 566 338 640 nevis
357 565 565 640 commentis
589 577 626 638 et
643 562 779 646 artibru
797 563 935 663 erigere
957 589 998 638 ec
1018 577 1219 639 sustentare
1239 580 1318 638 sunt
1364 633 1367 642 Δ

236 687 362 760 eonati.
388 683 599 784 Apollonius
614 683 675 764 ille
689 684 875 786 Tyaneus,
888 685 955 762 etsi
967 683 1113 785 ingenio
1127 684 1263 784 dispar,
1277 699 1319 758 ta·
1364 725 1368 764 i

234 831 320 886 men
337 805 481 882 sitente
502 803 580 904 eius
596 819 633 884 et
647 804 764 884 studia
777 819 933 906 spectu,
946 806 1035 880 alter
1050 831 1168 907 paene
1181 804 1320 882 videtur

235 926 479 1027 Empedocles·
522 927 587 1006 Hic
605 953 691 1014 vero
707 926 854 1004 illorum
869 955 960 1030 ques
974 927 1049 1004 dixi
1066 928 1208 1004 neutris
1221 926 1322 1026 plane
1365 1003 1367 1008 .

236 1050 376 1144 similis,
386 1048 451 1128 sed
462 1063 506 1126 ut
521 1046 711 1142 aetatesic
727 1050 872 1149 ingenie
888 1053 990 1152 quasi
1007 1049 1150 1126 medius
1166 1049 1323 1126 estinter
1368 1092 1369 1138 ;

177 1159 181 1170 κ
237 1185 422 1272 utrosque.
479 1169 705 1270 Empedoclis
737 1171 838 1250 enim
868 1187 1030 1272 ternpore
1061 1195 1177 1248 mores
1210 1195 1324 1248 neca

236 1295 351 1392 prisca
368 1292 574 1394 integritate
592 1307 629 1374 et
647 1293 770 1395 vigore
790 1319 936 1392 prorsus
952 1293 1275 1394 degeneraverant,
1293 1303 1325 1364 et
1366 1338 1369 1348 ,

237 1427 359 1498 tamen
391 1412 589 1516 vergebant
620 1415 693 1514 jani
720 1415 767 1494 ed
795 1415 914 1494 labem
941 1415 1058 1500 illam.
1091 1439 1187 1514 quae
1216 1414 1325 1491 serius
1367 1461 1369 1470 ,

238 1535 360 1620 omnia
379 1537 567 1618 concussit.
617 1539 719 1616 Num
735 1563 821 1637 erge
837 1536 1031 1629 miremur,
1044 1536 1125 1616 talis
1143 1534 1215 1613 riri
1232 1537 1325 1634 ίῳ-

236 1657 341 1748 nium
362 1659 555 1759 utriusque
577 1660 746 1760 temporis
765 1661 868 1760 quasi
888 1674 973 1740 notu
993 1660 1175 1758 signatum
1198 1659 1325 1747 fuisse,
1367 1707 1369 1750 ,

239 1780 479 1886 etpoe'ticum
503 1781 667 1859 ardorem
692 1783 731 1854 in
752 1807 794 1856 eo
809 1807 895 1856 cum
910 1781 1064 1860 fanatice
1078 1781 1239 1882 quedem
1253 1805 1327 1855 sen·
1366 1830 1369 1836 -

239 1928 284 1984 su
312 1900 423 1982 fuisse
450 1902 714 2003 conjunctum?
736 1903 829 1976 Hinc
849 1917 925 1979 tam
949 1903 1091 1980 diverse
1112 1903 1158 1978 de
1184 1903 1248 1984 illo
1271 1902 1327 2002 ju·
1368 1952 1369 1994 3

239 2023 345 2114 dieis,
375 2047 449 2102 neu
478 2023 598 2106 sulum
627 2029 870 2123 posterorum,
899 2024 961 2100 sed
988 2027 1096 2101 etiam
1124 2025 1328 2126 aequalium

240 2144 336 2244 ejus,
354 2159 398 2222 ut
416 2145 600 2228 declarant.
618 2163 760 2246 praeter
780 2146 847 2226 alia
868 2147 1014 2228 fabulae
1034 2147 1080 2227 de
1098 2147 1178 2247 ejus
1196 2160 1327 2233 morte,

241 2293 331 2366 quas
354 2267 421 2342 hoc
443 2267 519 2380 loce
541 2293 722 2366 exponere
745 2295 818 2350 uon
841 2268 1002 2348 alienum
1024 2269 1183 2352 videtur.

642 2599 643 2604 a
736 2539 824 2622 ss.

293 2761 362 2840 Res
387 2759 434 2834 ab
459 2759 616 2858 antiquie
636 2759 734 2838 uarie
762 2774 955 2837 narretur..
1001 2759 1207 2838 Heraclides
1237 2761 1331 2834 Pen-

245 2882 391 2962 ticus⁸⁸
417 2879 549 2979 prodit,
567 2905 669 2968 eum,
694 2893 884 2980 postquem
908 2883 1113 2958 exanimem
1137 2881 1236 2956 illam
1255 2906 1330 2954 mu·

245 3006 370 3080 lienem
399 3005 494 3079 vitae
526 3000 749 3086 reddidisset,
778 3004 989 3080 sacrificium
1013 3004 1208 3080 instituisse
1237 2999 1331 3103 apud

245 3155 374 3229 agrum
412 3124 539 3203 nobilis
573 3123 761 3222 cujusdam
796 3126 882 3218 viri,
925 3126 1132 3202 Pisianactie
1165 3128 1330 3212 nomine,

245 3277 320 3352 quo
340 3249 489 3354 quidam
512 3273 557 3322 ex
581 3245 660 3345 ejus
683 3249 802 3322 amicis
824 3249 964 3324 invitati
986 3264 1106 3340 erant,
1127 3250 1224 3328 inter
1247 3271 1332 3350 quot

246 3374 354 3449 etiam
372 3369 579 3446 Pausanias.
619 3369 828 3444 Secundum
847 3371 1086 3471 Hermippum
1102 3371 1147 3446 ad
1161 3374 1333 3472 octogirua

246 3494 388 3571 invitati
412 3493 521 3566 fuere
539 3495 596 3566 ⁸⁹.
649 3492 803 3566 Peractis
819 3494 949 3591 epulis,
969 3494 1127 3595 reliquos
1146 3496 1262 3570 somni
1281 3517 1333 3566 ca·

247 3616 370 3717 piendi
400 3640 520 3692 caussa
541 3613 711 3714 digresses
734 3619 866 3714 passim
890 3616 1114 3710 recubuisse,
1153 3615 1332 3717 Empedtr

248 3739 340 3814 ciem
360 3734 476 3812 solum
493 3737 532 3808 in
550 3736 625 3812 loeo
640 3736 703 3812 ubi
720 3737 944 3814 accubuisset
962 3741 1183 3816 r'ernansisse.
1230 3739 1331 3840 Mane

249 3875 374 3938 autern
392 3885 516 3959 quum
541 3859 650 3937 ceteri
671 3861 928 3957 surrexissent,
949 3862 1053 3938 illum
1075 3889 1150 3936 non
1173 3888 1248 3937 esse
1273 3859 1331 3934 in-

248 4055 252 4064 '
283 4039 551 4116 (88Mpud1iiogen
573 4041 659 4094 Ladrt.
679 4045 757 4106 vin,
776 4063 794 4097 s.
811 4047 852 4108 67,
869 4045 908 4097 68.

286 4135 344 4206 (89)
362 4131 474 4194 Ibidem,
492 4149 511 4184 r.
529 4132 569 4199 ⁶9ae
649 4124 651 4127 ’
