2756 4912
487 397 661 452 0111111111.
1147 385 1186 444 91

11 564 107 639 licita
130 579 241 638 morte
266 567 360 640 fumi
384 567 494 640 instar
518 566 674 640 absumti
699 564 859 657 evolent,
1083 567 1191 664 (cuit,

50 700 182 760 tontum
201 684 372 761 babentes
389 701 617 788 perspectum
636 701 817 788 quantum
835 689 970 788 cuique
992 690 1129 790 assequi
1150 689 1192 762 li-

49 810 81 880 in
91 834 211 885 omnes
221 834 259 884 se
270 823 387 910 partes
397 823 590 906 versantes3
604 813 818 886 universum
829 835 915 886 vero
925 837 963 885 se
974 815 1192 912 perspexisse

49 929 169 1003 lrustre
191 933 274 1036 quis
296 931 480 1030 gloriatur:
506 957 574 1006 nec
597 933 678 1007 visu
697 929 787 1005 illud
813 931 952 1005 mortali
975 958 1044 1008 nec
1065 932 1194 1010 auditu

49 1075 106 1122 nec
124 1051 311 1128 intellectu
330 1053 720 1153 comprehendendum.
762 1053 822 1127 Tu
843 1079 937 1154 ergo,
955 1055 1029 1130 huc
1045 1054 1193 1148 delatus,

11 1169 222 1270 lo.cognosccs
248 1200 323 1248 non
351 1175 444 1250 ult'ra
469 1202 581 1277 quern
606 1175 764 1250 humana
790 1180 878 1250 ratio
905 1177 1029 1251 tendit.

411 1423 747 1474 sss

49 1663 113 1754 list,
138 1691 158 1736 o
183 1665 248 1755 Di,
275 1664 437 1739 furorem
461 1665 612 1739 istorum
637 1693 657 1736 a
683 1663 809 1762 lingua
833 1675 949 1736 arcete
975 1687 1071 1754 mea,

48 1798 75 1855 et
95 1798 215 1860 sancto
240 1811 286 1863 ex
310 1813 371 1860 ore
395 1811 535 1886 purum
560 1784 726 1860 deducite
751 1779 908 1857 flumen!

47 1900 176 2004 Teque,
203 1907 307 1982 Musa
333 1934 492 2001 memor,
518 1905 667 1980 candida
695 1907 815 2004 virgo,

47 2050 179 2123 precor,
205 2046 389 2131 quantum
413 2030 537 2128 fassit
560 2025 791 2121 mortalibus,
816 2055 862 2103 ex
887 2044 923 2102 te
950 2029 1085 2102 audire.

11 2137 39 2240 ll.
50 2148 132 2247 Age,
155 2151 253 2230 velte
277 2154 366 2227 milri
391 2153 519 2254 agilem
545 2149 723 2250 religionis
751 2155 923 2225 currum!

11 2423 13 2482 1
48 2419 151 2497 neque
172 2411 211 2474 te
232 2415 440 2500 corrumpet
463 2399 595 2500 cupido
616 2400 741 2474 famosi
761 2398 864 2474 flores
885 2397 1030 2474 honoris

49 2543 63 2588 r
82 2520 287 2596 mortalibus
310 2520 498 2622 carpendi,
518 2549 593 2623 quo
611 2523 716 2622 plura
736 2551 848 2625 quam
871 2523 924 2596 fos
947 2525 991 2596 sit
1013 2522 1191 2596 enunties

12 3015 13 3018 ’
50 3012 187 3118 Sedage,
197 3029 382 3120 quantum
393 3033 492 3120 potes
504 3044 704 3119 cerne,qua
717 3019 880 3119 quidque
891 3019 1125 3115 manifestum
1137 3017 1193 3111 sit,

12 3087 117 3229 itt-nec,
140 3141 168 3213 ei
193 3141 278 3217 visu
303 3139 437 3234 valeas,
462 3139 550 3215 huic
573 3143 684 3240 magis
706 3140 811 3214 crede
834 3166 946 3240 quarn
966 3139 1133 3238 auditui,

53 3280 106 3332 nee
127 3261 272 3336 auditui
296 3261 422 3337 obtuso
446 3264 557 3363 magis
581 3289 694 3365 quam
718 3261 862 3362 linguae
889 3258 1194 3362 perceptionibus,

13 3397 14 3402 ’
53 3403 106 3454 nec
126 3383 192 3458 ulli
218 3383 443 3484 reliquarum
468 3383 700 3484 cognoscendi
725 3384 889 3456 riarum:
941 3381 993 3479 (ee
1015 3395 1194 3480 appareat.

53 3525 209 3580 sensuum
226 3504 334 3583 fidem
352 3505 505 3602 declina,
521 3504 702 3580 considera
719 3531 804 3580 vero
821 3502 931 3604 quale
948 3502 1113 3603 quidque
1131 3517 1196 3602 per'

14 3835 45 3932 rt
57 3843 171 3916 roingo
190 3851 286 3904 Surus
301 3852 399 3921 serpit.
413 3853 432 3902 1.
448 3851 467 3902 1.
484 3853 546 3914 vn,
569 3851 623 3912 124.
657 3849 701 3900 rs.
722 3849 756 3910 ro
776 3864 813 3918 sq.
834 3845 910 3916 pere
933 3848 963 3900 ar
983 3837 1012 3914 γ’
1030 3873 1067 3888 -
1090 3849 1197 3914 creso,

14 3933 42 3976 *²
56 3939 151 3992 auctoru
171 3943 280 3996 nomine
302 3941 366 3995 citet
388 3942 508 3996 clemem
530 3939 570 3994 Al.
593 3939 687 3993 strom.
710 3939 745 4000 t,
765 3954 792 4008 p.
814 3935 864 4004 ⁶76
885 3943 914 3990 A.
949 3939 990 3992 Vc.
1010 3940 1044 4002 48
1063 3943 1112 3994 nul
1130 3940 1198 3994 sict

14 4011 88 4159 'latri-
116 4029 223 4085 Procles
246 4031 272 4086 in
293 4032 357 4088 Tiro.
374 4049 400 4103 p.
423 4032 483 4096 roe;
504 4027 660 4084 Plutarchus
680 4026 714 4080 de
740 4027 818 4079 Aurio.
845 4028 921 4082 mult.
942 4046 968 4098 p.
994 4030 1042 4098 93,
1067 4032 1125 4084 Vol.
1144 4033 1200 4094 v1,

14 4113 26 4168 l
49 4113 76 4170 lt.
