2768 4916
248 409 286 470 lt
645 419 693 466 nn
717 415 934 466 nurnnoous

245 590 483 661 minaverant.
534 567 652 656 Etier'n
683 609 809 658 rerum
841 581 1063 658 naturalium
1091 583 1321 682 cognitionem

244 713 286 786 in
308 708 421 784 Sicilia
446 721 485 780 et
510 705 693 805 Agrigenti
718 703 852 778 cultam
879 729 954 778 esse
975 717 1079 778 testes
1101 719 1190 779 sunt
1211 704 1320 777 Acron

245 848 281 910 et
309 829 520 920 Pausanias,
551 825 774 926 Empedoclis
811 825 996 926 aequales,
1025 827 1090 927 qui
1118 840 1259 902 tantam
1288 828 1322 898 in

178 1007 182 1016 -
244 953 383 1030 medica
405 963 481 1024 arte
503 949 621 1050 adepti
642 963 731 1024 sunt
751 945 1012 1040 celebritatem,
1029 942 1073 1020 ut
1088 949 1198 1023 etiam
1217 945 1324 1021 medi·

246 1101 373 1152 coium
401 1073 570 1178 lactiqnes
591 1070 637 1144 ab
664 1071 732 1146 illis
755 1069 934 1168 originem
952 1067 1125 1144 duxerint
1145 1077 1204 1140 ³⁴.
1254 1069 1324 1142 De-

246 1197 379 1295 nique,
400 1208 444 1268 ut
467 1193 535 1268 lmc
552 1193 659 1268 etiam
675 1216 889 1283 memorem,
913 1188 1059 1266 sublatis
1081 1191 1259 1292 tyrannis,
1274 1213 1325 1261 re·

96 1291 100 1300 ,
188 1399 190 1404 ,
248 1319 371 1392 stituta
388 1313 532 1389 libertas
549 1313 775 1414 eloquentiae
798 1339 946 1414 quoquc
964 1312 1126 1388 studium
1146 1311 1324 1398 excitavit,

247 1463 364 1538 quae,
387 1463 506 1538 quum
536 1435 645 1510 Siculi
661 1435 806 1533 ingenio
820 1448 938 1510 essent
958 1435 1058 1508 acuti·
1075 1447 1113 1508 et
1128 1431 1258 1533 lepidi,
1275 1430 1326 1503 hic

248 1561 409 1659 'primum
426 1559 607 1636 artificiose
625 1556 797 1634 elaborari
813 1570 953 1656 coepta,
971 1570 1008 1632 et
1022 1556 1215 1630 rhetorices
1233 1555 1326 1628 initia

248 1683 399 1758 inventa
430 1693 537 1775 sunt,
569 1705 667 1781 quae
699 1705 755 1754 ars
783 1677 958 1778 deinceps·
978 1703 1011 1780 e
1028 1676 1145 1752 Sicilia
1173 1676 1326 1752 Athenas

249 1803 417 1880 translata
448 1816 504 1876 est
521 1810 578 1874 ³⁵.
627 1801 710 1874 lam
748 1825 834 1878 vero
863 1803 903 1874 in
930 1800 992 1874 tali
1017 1800 1110 1876 urbe
1138 1814 1251 1902 atque
1274 1796 1327 1870 tali

250 1938 461 2023 tempestate
482 1923 663 1998 doctrinae
684 1921 810 1998 studiis
837 1921 1023 2016 affluente,
1051 1921 1267 1998 adolescenti
1285 1919 1330 1992 al·

151 2031 156 2040 ’
251 2045 351 2120 tioris
365 2044 493 2120 indolis
508 2043 667 2121 discendi
685 2046 800 2145 copias
818 2043 915 2119 haud
936 2043 1108 2137 defuisse,
1126 2043 1234 2118 facile
1252 2065 1328 2140 per-

252 2167 411 2267 spicitur.
461 2168 562 2242 Num
591 2166 852 2262 dubitandum,
879 2167 1132 2270 Empedoclem
1160 2167 1235 2268 jam
1257 2191 1329 2239 ma·

140 2303 145 2310 '
254 2302 360 2384 ture,
391 2289 699 2391 Pythagoreorum
731 2289 894 2392 exemplo
931 2305 1170 2384 commotum,
1204 2285 1331 2388 praeci·

253 2435 329 2510 pua
355 2411 511 2486 illorum·
533 2412 579 2486 de
605 2410 737 2486 naturd
760 2412 993 2514 moribusque
1013 2411 1141 2512 placita
1164 2425 1332 2511 gustasse,

198 2605 204 2614 ,
255 2541 417 2606 mentem
439 2532 484 2606 ad
499 2533 764 2608 reconditarum
779 2561 905 2612 rerum
921 2534 1257 2633 contemplationem
1275 2552 1333 2626 ap·

255 2651 442 2753 plicuisse,
475 2652 667 2754 ingenium
688 2671 726 2730 et
747 2655 908 2757 lingaram
928 2670 1006 2730 arte
1026 2657 1213 2748 formasse,
1236 2649 1332 2726 deni·

257 2801 332 2875 que
355 2776 512 2850 tinctum
532 2801 607 2852 esse
629 2777 888 2854 adolescentem
909 2779 952 2852 iis
974 2778 1111 2853 artibus
1133 2793 1169 2854 et
1188 2770 1333 2873 discipli·

258 2900 336 2991 uis,
363 2896 497 2998 quibus
528 2901 584 2976 vir
612 2900 728 2976 factus
755 2899 950 2976 inclaruit?

291 3120 350 3188 (34)
369 3124 399 3175 In
410 3131 554 3194 utromque
567 3122 689 3174 seruntur
699 3123 861 3192 Empedoclis
872 3123 1061 3192 epigrammata.
1078 3125 1216 3176 Praeterea
1223 3117 1337 3188 legendus

232 3240 234 3246 ·
259 3211 292 3263 dc
303 3211 387 3263 altero
399 3211 510 3268 Plinius.
523 3213 588 3264 ilict.
600 3213 660 3264 Nat.
673 3213 772 3276 XXIX,
782 3211 797 3264 3
807 3213 940 3281 (dipem),
952 3211 1015 3265 haec
1028 3211 1155 3265 scribens:
1175 3215 1247 3266 nltlia
1259 3207 1338 3263 factio.

261 3301 305 3362 (ab
317 3301 499 3370 experimentis
511 3303 696 3369 cognominant
705 3301 864 3371 Empiricen)
877 3303 963 3371 coepit
975 3303 1001 3352 in
1016 3301 1100 3354 Sicilia
1112 3305 1213 3355 Acrone
1226 3301 1338 3368 Agrigen-

263 3389 338 3450 tino,
357 3391 521 3460 Empedoclis
538 3390 637 3461 physici
648 3393 805 3445 auctoritate
814 3391 1021 3445 commendato.”
1049 3395 1121 3446 Idem
1132 3393 1254 3446 laudetur
1264 3409 1278 3441 a
1288 3385 1339 3440 rtu-

263 3479 367 3542 tareho,
377 3482 413 3532 Is.
425 3490 453 3534 ct
465 3482 530 3532 Osir.
542 3481 599 3534 Vol.
611 3483 675 3546 vll,
690 3501 717 3553 p.
730 3483 788 3552 506.
799 3481 884 3535 notk.
919 3484 958 3536 De
972 3484 1054 3538 altero
1068 3465 1180 3538 Galenus
1191 3479 1338 3547 Therapeul·

263 3567 291 3636 If·
307 3571 333 3631 1,
347 3569 392 3638 qui
404 3577 456 3622 tres
470 3569 630 3624 medicorum
643 3573 736 3625 choros
748 3581 884 3630 numerat.
899 3575 962 3625 Colis
973 3613 980 3637 ,
990 3575 1109 3646 Cnidios,
1121 3576 1237 3639 Italicos;
1255 3570 1300 3622 nal
1318 3561 1340 3614 οἵ

264 3660 295 3709 ἐκ
308 3666 356 3728 τῆς
368 3656 495 3721 Ἰταλίας
506 3665 616 3733 ἰατροὶ,
631 3666 778 3718 Φιλιστίων
789 3667 836 3717 καὶ
846 3664 1043 3736 Ἐμπεδοκλῆς
1057 3669 1105 3719 καὶ
1116 3667 1286 3732 Παυσανίας,
1298 3643 1340 3710 nal

267 3753 293 3802 οἱ
309 3751 414 3805 τούτων
431 3756 545 3822 ἑταῖροι.
572 3756 610 3808 Cl.
632 3757 741 3820 Suidss,
759 3766 786 3810 et
805 3759 974 3824 Mongiton'us
1000 3758 1063 3810 Bibl.
1086 3759 1136 3813 Sic.
1155 3760 1182 3812 in
1200 3776 1242 3812 vv.
1263 3755 1339 3808 stun-

228 3889 233 3899 .
266 3859 291 3910 p.
311 3843 351 3906 67.

300 3931 357 3998 (35)
378 3933 435 3984 l'id.
453 3935 555 4002 Cicero,
568 3939 638 3988 Brut
652 3953 674 3988 e.
690 3953 726 3988 ra.
752 3939 790 3988 Eo
810 3919 1028 4008 tempore'Siculi
1040 3942 1124 3994 Corax
1133 3949 1162 3994 et
1173 3941 1253 3994 Tisias
1272 3925 1340 4005 primi

267 4022 368 4074 dicendi
386 4024 500 4092 magistri
510 4036 537 4078 ct
548 4027 642 4079 artium
653 4027 794 4096 scriptores
806 4029 976 4092 exstiterunt,
991 4030 1024 4083 de
1036 4031 1129 4100 quibus
1140 4031 1188 4097 leg·
1199 4033 1224 4090 l,-
1235 4020 1338 4084 Wetltf'

268 4130 353 4164 mano.
365 4111 453 4168 Gesch.
469 4113 495 4165 d.
509 4116 671 4168 Beredsamlr.
701 4117 758 4169 Vol.
769 4121 788 4178 1,
803 4135 831 4186 p.
840 4117 871 4169 35
882 4135 937 4189 sqq.
