2776 4916
269 383 334 446 220
668 389 946 440 counnurcnrus

268 562 326 642 Qui
345 580 459 633 versus,
488 555 623 641 quumvis
643 576 707 617 non
729 557 874 639 optimus,
898 555 969 616 ferri
989 565 1091 616 tamen
1112 557 1216 638 possit,
1240 556 1316 639 priore

269 665 385 750 syllaba
406 661 545 724 vocabuli
566 669 646 742 ἴχνος
670 673 823 745 correpta,
847 662 959 744 paritor
979 671 1016 720 ut¹
1033 681 1074 722 vs.
1098 660 1157 720 155
1177 661 1318 722 sactumin

270 792 298 834 r.
327 779 437 851 alm,
465 779 496 829 et
521 767 682 849 posteriore
706 764 841 847 ejusdem
861 764 1001 826 vocabuli
1020 763 1170 847 producti
1189 765 1218 827 ri
1236 786 1319 826 arseos

270 877 385 936 Durum
405 884 506 933 tamen
527 869 587 930 hoo
597 893 606 949 5
627 871 768 954 quocirca
789 868 894 931 melius
912 868 987 930 duxi
1002 891 1057 952 pro
1068 877 1151 951 ἴχνος
1166 875 1319 939 bustim

271 1001 324 1062 per
350 979 460 1038 tmesin
488 975 613 1037 scribere
642 974 685 1042 ἀν’
709 981 791 1055 Ὶχοος
815 979 968 1042 ὕλίσσσσαο.
990 1009 1023 1022 ·-
1056 961 1184 1058 ἕρματος
1203 987 1276 1058 ἴχνος
1291 987 1320 1038 est

270 1082 453 1146 accusativus
460 1125 469 1156 ,
481 1081 534 1162 qui
546 1079 659 1162 pendet
671 1078 710 1140 ab
724 1083 918 1156 ἂνελΐσσοσαο.
929 1101 968 1140 ex
981 1081 1089 1142 usitato
1100 1081 1245 1165 loquendi
1253 1082 1320 1142 nodo

272 1194 429 1271 πορεύεσθαι
449 1190 746 1262 οδόνκᾶοελίσσοσοαι,
772 1195 807 1246 ut
825 1185 929 1246 Latine
949 1171 1061 1246 resolvi
1081 1184 1225 1246 dicuntur
1241 1185 1320 1245 sidera

272 1295 350 1367 Sici
374 1295 501 1372 ὶοελοξος
522 1291 555 1351 ἰη
577 1291 694 1352 Platon·
713 1294 936 1372 ἄνασσοέφεσοαο
956 1289 1060 1350 eodem
1085 1311 1175 1352 sensu
1195 1290 1322 1350 inlino-

272 1399 318 1460 nis
348 1419 432 1459 versu
457 1394 539 1479 apud
566 1395 647 1457 Sext.
669 1397 755 1478 Emp.
777 1394 845 1456 adr.
867 1393 956 1458 lIatlr.
978 1397 1010 1471 1,
1036 1416 1059 1454 s.
1081 1393 1153 1455 305.
1197 1395 1321 1462 Caeterum

273 1504 365 1565 Stura.
385 1523 502 1564 versum
524 1497 615 1560 finxit
633 1497 743 1560 talem:

431 1613 446 1680 i
465 1613 528 1686 σοοὶ
546 1613 596 1688 γῆν
616 1611 653 1682 ὥς
672 1610 800 1686 ἅρματος
817 1613 900 1686 ἴχνος
918 1612 1064 1676 ἑλίσσεται
1087 1612 1185 1688 ἄκραν.

314 1713 364 1773 Vs.
394 1710 462 1772 190.
505 1724 672 1791 κοκλοσοοίο
699 1715 786 1787 urm)
828 1713 934 1772 Versus
962 1733 1132 1794 expressus,
1159 1721 1194 1771 ut
1215 1707 1325 1779 ridetur,

275 1839 290 1878 e
311 1815 486 1877 Parmenide
493 1861 503 1893 ,
527 1816 580 1898 qni
601 1815 736 1876 similiter
758 1836 800 1874 vs.
824 1815 1117 1877 1431unamvocat
1170 1871 1171 1876 ,

396 1927 551 2002 νυκτιφαὲς
570 1929 631 2001 περὶ
651 1932 739 2002 γαῖαν
758 1925 898 2001 succro
918 1927 1122 2002 ἀλλόσριοο
1147 1926 1229 2003 tiit.
1258 1962 1266 1969 -

317 2029 367 2090 Vs.
390 2027 459 2088 191.
502 2033 579 2109 supr
594 2040 646 2106 μὲν
665 2037 720 2108 γὰρ
741 2032 826 2103 κτλ.)
867 2025 1073 2102 assereris,
1101 2027 1283 2088 manifestum
1299 2030 1328 2080 est
1375 2025 1376 2042 ¹

276 2133 315 2194 ad
335 2132 441 2193 lunam
461 2134 625 2216 pertinere5
650 2131 783 2194 similiter
801 2134 874 2192 item
892 2131 1082 2193 Parmenides
1101 2152 1143 2193 vs.
1165 2131 1237 2192 144:

498 2245 554 2307 uisi
573 2246 769 2305 παπταίνουσα
790 2245 857 2318 προς
876 2240 971 2318 αὐγᾶς
991 2231 1100 2309 tralato.
1377 2272 1378 2348 p

275 2344 343 2406 idco
368 2348 445 2426 ἂσρεῖ
467 2344 571 2426 scripsi
597 2364 652 2425 pro
679 2349 763 2424 ἤθρει.
804 2341 993 2404 Memorabile
1017 2353 1060 2404 cst
1077 2339 1258 2403 vocabulum
1275 2343 1331 2418 σ’νχής
1377 2349 1378 2370 ³

277 2447 376 2533 (cujus
390 2469 492 2508 caussa
506 2470 523 2508 a
537 2453 730 2530 grammatico
743 2447 817 2510 haec
831 2446 974 2526 citantur)
989 2469 1045 2530 pro
1056 2447 1222 2528 composito
1234 2451 1331 2525 storto
1378 2446 1379 2512 l

277 2572 339 2635 quo
368 2553 462 2613 utitur
487 2550 676 2612 Parmenides
700 2573 742 2613 vs.
770 2551 846 2613 133:
877 2559 998 2632 καθαρᾶς
1019 2557 1250 2635 clarissimum
1270 2555 1330 2630 ἔργα,

277 2655 338 2728 hoc
356 2655 512 2732 usitatum,
534 2655 612 2715 illud
629 2676 699 2716 vero
719 2655 851 2718 insolens
869 2668 898 2718 et
915 2656 953 2718 alr
968 2638 1160 2740 Empedocle,
1181 2668 1215 2718 ut
1228 2655 1332 2724 videtur,

278 2759 407 2834 sactum,
428 2760 560 2820 Similiter
580 2771 614 2820 ut
632 2739 744 2836 ἧσεαέοοσ
760 2781 815 2844 pro
833 2767 988 2840 lanterius,
1007 2786 1051 2826 vs.
1069 2763 1140 2826 405.
1175 2761 1230 2824 scd
1244 2761 1278 2820 de
1289 2758 1332 2836 sig·

279 2863 453 2926 nificatione
476 2867 628 2950 utriusque
648 2866 788 2927 vocabuli
811 2868 889 2934 inter
909 2872 1117 2952 grammaticos
1139 2891 1202 2928 non
1219 2873 1332 2936 corrstati

280 2990 340 3051 qua
363 2967 401 3029 dc
423 2990 455 3030 re
474 2990 538 3030 non
567 2991 643 3053 opus
668 2981 711 3032 est
733 2982 865 3052 repetere
886 2995 963 3056 quae
989 2973 1115 3056 exposui
1137 2973 1170 3033 in
1193 2974 1332 3033 comment

279 3075 415 3135 Parmen.
435 3094 471 3167 p.¹
487 3073 546 3135 122
563 3096 607 3157 sq.
625 3073 678 3136 ubi
699 3081 805 3157 εὖαγῆς
825 3077 1034 3159 interpretatus
1051 3099 1118 3138 sum
1135 3084 1261 3159 ἀγλαός,
1275 3089 1335 3152 λαμ·

280 3186 363 3259 πρός,
383 3169 422 3240 al>
441 3183 499 3261 ἀγή
520 3201 545 3242 s.
569 3185 645 3262 αὐγὴ
670 3181 846 3242 derivatum.
887 3183 988 3266 Neque
1008 3163 1336 3266 illiusintcrpretationis

281 3284 382 3358 adhuc
400 3307 447 3346 mc
464 3284 614 3367 poenitet,
632 3305 817 3369 quamquam
833 3307 891 3347 neo
906 3286 1030 3346 alteram
1044 3288 1243 3369 spernendam
1260 3293 1335 3367 puto,

281 3410 342 3472 qua
364 3399 449 3450 notet
469 3390 550 3450 idem
570 3390 653 3473 quod
672 3397 772 3472 ἄγοος,
794 3413 893 3466 sacer,
914 3389 1030 3473 duplici
1048 3411 1153 3469 sensu,
1175 3387 1337 3452 saroardo

281 3487 549 3572 reluctaturum,
571 3496 646 3556 sicut
668 3497 769 3578 placet
788 3497 898 3558 Naclio
919 3497 953 3556 in
978 3495 1102 3558 Choeril.
1125 3517 1158 3580 p.
1176 3495 1232 3560 179
1241 3540 1251 3570 ,
1269 3489 1339 3556 adhi-

282 3598 366 3660 benti
388 3599 473 3660 hunc
497 3601 689 3683 Hipponactis
712 3622 829 3662 versum
850 3599 931 3683 apud
953 3602 1085 3660 Tzetzam
1109 3603 1142 3661 iu
1164 3595 1340 3684 lycophron.

284 3725 326 3764 vs.
349 3704 423 3766 436:
447 3713 483 3783 ὥς
504 3713 531 3773 οἱ
549 3719 602 3786 μὲν
621 3714 690 3789 ἄγεϊ
708 3715 842 3790 Βουσέλῳ
861 3715 1032 3786 menpisco.
1054 3709 1119 3783 Qua
1141 3714 1279 3787 potestate
1299 3699 1341 3758 de

284 3808 411 3870 rivatunr
442 3821 485 3888 cst
514 3811 553 3873 ab
580 3817 699 3894 ἕξομαι,
727 3811 810 3872 unde
842 3821 870 3872 et
894 3817 965 3892 lim
994 3823 1023 3871 ct
1043 3816 1101 3892 itys
1121 3815 1258 3890 (οαμβοςι)
1293 3801 1341 3865 llssl

285 3921 411 3997 utraque
438 3916 615 3998 significatio
643 3918 734 3979 habet
758 3939 819 4001 quo
841 3939 871 3978 se
892 3928 1025 3993 tueatur,
1049 3917 1238 3999 posteriorem
1255 3923 1342 3972 tamen

285 4015 429 4078 hocloco
447 4021 673 4102 praeferendam
687 4017 779 4106 puto.
821 4015 960 4084 Similiter
976 4028 1063 4090 nim
1082 4029 1164 4104 tyrso
1182 4018 1292 4080 dictum
1308 4013 1343 4072 vi·
