2768 4910
234 419 298 485 364
625 429 674 493 ua
697 425 913 477 smsoocms

185 659 188 664 .
234 599 335 701 quasi
368 595 468 695 regni
496 593 589 667 'vices
614 607 739 666 certo
762 595 979 691 temporis
1004 591 1111 666 orbe
1136 617 1211 666 esse
1233 593 1294 666 cir-

233 719 461 816 cumscriptas
477 717 555 789 ¹⁵⁶.
615 715 717 787 Hanc
747 714 856 812 igitur
882 716 1005 788 statuit
1026 712 1156 787 mundi
1172 713 1294 812 legem,

233 865 342 941 quam
368 841 442 937 ipse
465 839 504 910 in
525 834 750 910 describenda
773 861 896 909 rerum
922 849 1051 909 natura
1074 848 1219 908 secutus
1238 847 1295 923 est,

233 986 377 1035 canens:
405 957 578 1058 principio
601 982 720 1030 unum
739 956 850 1032 fuisse
866 958 985 1030 omnia
1005 956 1190 1036 harmonia
1206 955 1295 1054 junc-

233 1096 328 1173 tum,
367 1095 446 1153 tum
480 1080 626 1151 intrasse
657 1077 872 1150 Discordiam
903 1091 941 1150 et
967 1103 1086 1150 uuum
1110 1077 1146 1148 in
1172 1074 1296 1152 diversa

234 1200 454 1291 distraxisse,
478 1213 596 1296 postea
620 1225 745 1272 rursus
769 1224 834 1273 suo
859 1212 1018 1296 tempore
1043 1197 1182 1272 venisse
1208 1197 1296 1270 Ami-

234 1323 351 1395 citiam
373 1321 607 1419 distractaque
629 1319 805 1392 elementa
834 1317 873 1390 in
896 1317 1024 1392 mundi
1044 1317 1195 1391 formam
1216 1343 1297 1390 com·

232 1443 409 1542 posuisse:
445 1443 494 1514 sic
528 1439 648 1514 ambas
681 1440 758 1513 illas
795 1438 889 1514 vires
926 1439 1029 1539 quasi
1061 1436 1189 1511 luctari
1217 1439 1297 1511 inter

234 1572 356 1636 se157·
379 1587 531 1661 eamque
556 1561 785 1636 luctationem
809 1573 985 1658 perpetuo
1003 1557 1147 1633 durare.
1174 1563 1296 1658 Empe-

234 1683 345 1756 doclei
380 1681 476 1754 illius
507 1682 624 1780 placiti
654 1682 827 1779 frequens
853 1679 986 1752 mentio
1009 1693 1063 1752 est
1089 1679 1188 1778 apud
1212 1693 1306 1757 rete·-

235 1827 302 1876 res.
353 1802 495 1873 Primus
519 1815 691 1874 memorat
716 1799 815 1873 Plato
839 1801 877 1871 in
902 1797 1080 1896 sophista,
1109 1798 1174 1874 ubi
1206 1815 1297 1873 rete-

235 1923 319 1996 rum
360 1921 406 1994 de
453 1949 576 1996 rerum
621 1937 749 1996 natura
795 1920 919 2021 placita
962 1920 1141 2012 referens,
1182 1920 1297 1994 Eleatis

236 2072 300 2118 un
314 2071 390 2116 um
426 2071 528 2120 esse
564 2042 802 2118 statuentibus
829 2043 976 2142 opponit
999 2040 1218 2121 Heraclitum
1239 2041 1297 2112 Jo-

235 2166 359 2239 nicum
384 2181 420 2240 et
443 2166 604 2240 Siculum
628 2164 894 2263 Empedoclem:
920 2160 1061 2244 Ἰάδες
1087 2161 1144 2255 δὲ,
1173 2162 1297 2262 inquit,

175 2277 179 2286 ’
235 2290 293 2361 καὶ
325 2289 503 2362 Σικελαὶ
534 2314 616 2368 τινες
647 2284 783 2384 ὕστερον
806 2294 941 2362 Μοῦσαι
968 2284 1225 2376 gersoriacum,
1255 2282 1299 2359 ὅτι

236 2411 438 2504 συμπλέκειν
460 2411 714 2507 ἂσφαλέστερον
739 2408 917 2507 ἀμφότερα
938 2411 994 2484 κα)
1017 2409 1125 2507 λέγειν
1151 2409 1192 2488 ὡς
1212 2406 1246 2479 rl
1270 2405 1298 2478 ’ἂν

236 2528 380 2605 πολλά
407 2558 453 2604 τε
473 2531 549 2605 ’καὶ
574 2530 614 2607 ἕν
638 2529 741 2625 ἐστιν,
766 2530 908 2634 ’ἔχθρᾳ
934 2531 969 2609 δὲ
994 2534 1051 2607 καὶ
1075 2533 1209 2628 Φιλίᾳ
1230 2556 1298 2602 συν-

236 2654 369 2754 έχεται·
414 2649 641 2750 διαφερόμενον
675 2651 744 2753 ’γαρ
780 2653 833 2730 cis)
868 2655 1096 2752 ξυμφέρεται,
1137 2655 1238 2749 φασὶν
1268 2652 1298 2724 αἱ

237 2759 467 2873 αυντανῶτεραι
488 2781 550 2852 τῶν
572 2781 724 2853 Μουσῶν·
750 2781 786 2852 αἱ
805 2775 844 2854 tt
866 2776 1099 2875 μαλακώτεραι
1123 2778 1162 2852 τὸ
1182 2780 1239 2872 μὲν
1252 2773 1298 2848 ἀεὶ

237 2896 330 2975 ταῦθ’
356 2885 465 2980 ὀὕτως
497 2902 589 3000 ’ἐχειν
619 2897 824 3001 exaltarer,
855 2897 894 2974 ἓν
919 2903 1040 2999 μέρει
1070 2898 1106 2977 δὲ
1131 2903 1226 2975 rori
1246 2899 1298 2992 ptr

233 3021 276 3097 ἓν
300 3017 407 3120 εἶναί
426 3027 514 3117 φασι
534 3024 573 3097 ri
596 3025 665 3098 πᾶν
689 3025 747 3097 καὶ
771 3024 870 3118 Φίλαν
893 3026 948 3097 ὑπ’
972 3021 1193 3122 Ἀφροδίτης,
1211 3021 1297 3095 τοτὲ

238 3143 285 3221 lt
316 3145 462 3219 πολλα
488 3149 545 3220 καὶ
569 3147 726 3242 πολέμιον
749 3147 830 3220 αὐτῦ
854 3147 945 3244 αὑτῷ
969 3144 1029 3222 dria
1051 3144 1149 3226 vetate
1177 3175 1208 3219 rr
1230 3144 1296 3212 ¹⁵⁸.

238 3267 399 3341 »lonicae
425 3281 461 3340 et
484 3268 621 3342 Siculae
642 3268 765 3342 Musae
783 3271 898 3342 tutius
920 3267 1076 3341 arbitrati
1099 3280 1186 3341 sunt
1209 3260 1298 3337 ambo

239 3387 323 3492 ista,
347 3413 480 3463 unum
505 3403 542 3462 et
559 3389 723 3483 multa,
745 3389 978 3492 conjungere,
1002 3413 1161 3488 quarum
1178 3381 1297 3482 duplex

239 3522 292 3582 est
326 3511 515 3604 sententia:
554 3509 662 3584 altera
686 3510 837 3584 strictior
862 3509 1049 3605 Heracliti,
1083 3509 1150 3609 qui
1175 3514 1296 3590 censet,

240 3627 453 3704 uuiversum
478 3656 618 3729 semper
641 3629 788 3704 distrahi
809 3631 915 3704 simul
934 3645 971 3704 et
990 3631 1183 3723 conciliari3
1204 3627 1295 3700 altera

241 3748 388 3824 solutior
425 3745 646 3851 Empedoclis
686 3753 892 3846 statuentis,
940 3752 1144 3826 alternis
1187 3742 1295 3822 modo

273 3935 346 4002 (¹55)
363 3941 468 4010 Emped.
487 3959 523 3996 rc
543 3944 575 4008 67
592 3963 630 4016 aq.
736 3911 738 3918 Ι

268 4025 346 4094 ,(157)
364 4031 437 4083 Idem
454 4048 501 4085 ras.
520 4033 565 4099 167
584 4053 639 4108 sqq.

276 4116 437 4187 (¹5⁸)P12l0
460 4122 574 4193 Sophirt·
593 4144 617 4196 p.
643 4126 688 4190 alra
710 4129 778 4181 DE.
800 4126 866 4181 citat
881 4127 949 4180 hunc
968 4126 1079 4198 Simplic.
1092 4119 1223 4193 Phycus.
1236 4132 1256 4168 rr
1268 4116 1292 4164 Β.
