2768 4916
256 386 298 448 m
652 397 700 444 on
723 396 940 451 suranorum

256 541 486 638 distributum
509 561 581 634 fuit
600 562 734 662 intres
757 575 875 660 partes
898 563 971 638 sive
1001 568 1083 662 τρεῖς
1109 565 1246 665 λόγους,
1279 567 1323 642 τοο

256 689 330 785 περὶ
356 693 414 760 τοῦ
440 683 583 777 amede,
616 683 803 776 πολιτικόν,
837 672 873 760 et
906 683 1092 786 θεολογικόν
1111 697 1191 763 ²²⁷.
1241 689 1324 762 llaec

256 808 460 884 distributio
485 808 581 884 viam
603 821 791 900 monstrat,
807 833 881 906 qua
898 809 1121 906 Empedoclis
1137 811 1324 912 fragmenta

256 931 484 1034 probabiliter
501 925 719 1030 disponenda
736 930 826 1021 sint,
843 929 888 1003 de
907 957 980 1030 quo
1002 959 1083 1006 mox
1099 930 1217 1031 plura.
1251 933 1326 1005 Cae·

257 1070 378 1130 terum
394 1079 538 1128 carmen
554 1053 727 1150 scriptum
747 1050 822 1126 suit
842 1051 887 1126 ad
906 1053 1188 1146 Pausaniam,
1207 1057 1325 1154 Empe·

258 1175 364 1250 doolis
387 1178 502 1252 civem
524 1189 560 1250 et
579 1174 757 1268 amicum,
781 1199 893 1276 quem
918 1175 1085 1274 superius
1105 1174 1178 1274 jam
1200 1202 1327 1251 memo-
1363 1237 1364 1280 ,

258 1295 419 1370 ravimus
438 1299 518 1367 22⁸.

308 1419 490 1492 Postremo
500 1420 576 1493 loco
591 1417 823 1494 memoranda
839 1435 925 1493 sunt
942 1419 1229 1520 Ἐπογροὶμμκτκ
1244 1421 1329 1522 quod

259 1566 373 1640 genus
400 1539 504 1614 illum
528 1567 676 1641 quoqne
702 1540 871 1640 attigisse,
903 1543 1067 1642 exempla
1101 1544 1199 1618 iufra
1232 1545 1329 1643 posita

261 1675 453 1738 testanture
726 1672 729 1679 ‘

749 1810 848 1893 §ra

310 2031 332 2102 J
334 2057 391 2104 am
410 2056 456 2104 ex
474 2029 541 2102 illis
559 2055 654 2131 quae
672 2030 967 2106 enumeravimus
989 2033 1213 2132 Empedoclis
1232 2035 1332 2130 scrip·

144 2177 148 2190 ¹
236 2157 305 2227 'tis
338 2152 410 2226 duo
444 2151 548 2251 longe
591 2150 839 2244 celeberrima,
871 2154 920 2228 rh
949 2157 1023 2252 περ)
1056 2161 1190 2250 φύσεος
1222 2172 1258 2231 et
1281 2185 1332 2230 κο

262 2275 397 2374 θοορμοὶ;
431 2301 525 2375 quae
553 2274 709 2348 carmina
742 2275 800 2347 vel
834 2291 979 2374 propter
1002 2305 1126 2352 rerum
1150 2269 1334 2380 argumen-

261 2415 342 2474 tum
367 2414 405 2472 et
428 2398 619 2472 sententias
645 2394 701 2472 vel
725 2413 871 2497 propter
892 2398 1083 2472 dictionem
1100 2400 1199 2474 haud
1218 2403 1334 2500 exigua

262 2519 445 2621 quondam
462 2519 616 2592 luerunt
636 2520 908 2595 existimatione.
958 2519 1181 2620 Philosophi,
1207 2526 1334 2622 politae,

262 2643 483 2744 grammatici
521 2667 562 2714 ea
600 2640 706 2741 digna
741 2642 976 2716 aestimarunt
994 2621 1107 2743 ,guae
1142 2642 1335 2744 diligentius

263 2778 522 2864 cognoscerent.
573 2762 655 2835 Jam
687 2765 805 2836 Zeno
838 2763 999 2855 Eleates,
1034 2778 1077 2838 ut
1106 2767 1265 2864 magistri
1289 2764 1336 2836 sui

263 2887 484 2960 Parmenidis
511 2885 666 2959 rationes
690 2885 910 2984 explanavit,
935 2887 984 2958 sic
1005 2885 1101 2960 idem
1123 2885 1335 2987 Empedoclis

263 3010 391 3109 placita
418 3035 601 3084 enarrasse
630 3007 800 3081 traditur:
826 3007 856 3081 si
885 3008 1017 3082 Suidae
1045 3011 1246 3084 testimonio
1265 3034 1334 3082 cre·

234 3209 237 3221 ,
264 3132 442 3224 dendum,
468 3134 604 3230 scripsit
626 3129 780 3229 ἐξήγησιν
805 3134 867 3204 τῶν
886 3128 1153 3226 Ἐμπεδοκλέους
1173 3142 1254 3203 ²²⁹.
1301 3129 1336 3199 In

237 3245 510 3332 ‚Aristotele
547 3253 684 3328 nullius
714 3252 941 3354 physicorum
973 3255 1203 3354 frequentius
1239 3275 1337 3354 quam

264 3377 360 3451 illius
385 3379 519 3450 mentio
541 3379 592 3450 fit.
643 3374 949 3473 Theophrasti
975 3401 1076 3466 vero,
1098 3391 1197 3449 utet
1218 3399 1338 3475 acqua-

265 3499 307 3570 lis
338 3498 416 3597 ejus
446 3497 638 3588 Xanthi,
672 3499 801 3596 scripta
826 3499 899 3594 περὶ
920 3496 1187 3600 Ἐμπεδοκλέους
1209 3523 1337 3573 memo-

267 3634 395 3695 rantur
415 3629 501 3713 ²³0,
543 3644 702 3718 quorum
738 3617 798 3693 ille
833 3621 1057 3718 potissimum
1093 3607 1337 3721 philosophiam

301 3847 376 3917 (²27)
394 3848 498 3915 Diogen.
516 3848 544 3899 L.
556 3851 610 3914 IX,
629 3847 661 3912 53
681 3857 711 3901 ut
721 3850 824 3902 monuit
835 3851 919 3903 Stura.
931 3853 1013 3906 Praei.
1025 3856 1051 3904 iu
1066 3852 1171 3922 Emped.
1185 3848 1339 3923 p..xxxv¹.

300 3943 376 4010 (aad)
394 3938 451 3991 vid.
469 3955 559 4008 supra.
580 3956 606 4007 p.
627 3934 666 3990 55.

243 4043 245 4046 ·
302 4029 377 4098 (⁹²9)
396 4029 486 4081 suidas
505 4031 531 4081 in
550 4047 575 4082 v.
592 4031 695 4099 Ζήνων.
728 4030 841 4084 Endoeia
864 4031 928 4083 Vicl.
951 4050 975 4103 p.
999 4034 1058 4094 aab.

303 4119 378 4186 (2³0)
397 4119 453 4170 vid.
474 4120 580 4188 Diogen.
599 4122 684 4175 Lama
708 4124 737 4183 V,
759 4139 777 4175 ο,
800 4123 849 4186 433
874 4126 962 4183 Vlll,
984 4141 1002 4174 s.
1029 4124 1069 4178 63.
