2814 4906
253 407 315 469 tta
646 417 693 463 nn
716 415 932 491 nursnocnrs

251 586 490 685 descriptionis
507 587 652 683 vestigia
676 582 853 682 quaedam
879 582 998 656 adhuc
1023 594 1228 678 supersunt.
1279 583 1338 652 Sic

251 704 354 789 initio
380 706 507 779 mundi
531 706 649 795 finxit,
679 703 752 777 dies
779 704 887 776 fuism
912 703 1048 775 dendm
1074 714 1185 799 atque
1209 713 1338 798 septe-

251 827 339 900 ndm
368 827 567 913 mensium3
583 825 743 897 homines
770 839 890 898 autem
917 837 990 896 tam
1016 847 1142 922 magno
1168 845 1337 919 corpore,
1403 884 1404 894 ,

147 981 153 992 ·
251 965 294 1024 nt
318 949 430 1021 nostri
454 949 530 1021 aevi
555 947 733 1036 homines,
757 971 841 1018 cnm
869 943 936 1016 illis
961 945 1168 1041 comparati,
1191 953 1335 1040 puero-
1403 997 1404 1040 3

250 1095 334 1142 rum
358 1071 469 1140 instar
494 1053 609 1140 essent
625 1078 681 1138 ⁴⁰.
731 1069 792 1140 Isti
818 1065 914 1138 haud
940 1064 1123 1138 inferiores
1146 1090 1235 1137 sane
1252 1065 1336 1136 fue-

250 1192 323 1262 rint
344 1202 513 1286 argenteo
526 1187 585 1261 illo
603 1183 791 1260 hominum
804 1186 940 1278 seculo,
959 1211 1120 1286 quorum
1136 1187 1335 1284 pueritiam

251 1308 424 1383 Hesiodus
456 1306 499 1380 ad
530 1322 677 1382 centnm
708 1333 818 1380 annos
842 1307 1002 1380 extendit
1021 1317 1078 1378 ⁴1.
1130 1307 1334 1404 Praecipue

249 1455 333 1506 vero
357 1427 547 1502 celebravit
570 1442 720 1502 aetatem
736 1427 851 1519 illam,
875 1428 1001 1500 merito
1019 1454 1164 1501 auream
1180 1427 1333 1518 dictam,
1404 1475 1405 1486 .

247 1577 319 1651 qua
355 1575 419 1623 ver
453 1563 529 1622 erat
565 1562 806 1648 perpetuum,
842 1549 961 1621 omnia
999 1551 1091 1646 pacis
1129 1564 1165 1622 ct
1199 1551 1333 1620 amoris
1404 1579 1405 1636 y

247 1671 370 1771 plena:
405 1685 483 1743 tum
518 1671 639 1769 igitur,
671 1672 781 1761 canit,
818 1696 937 1743 unum
972 1669 1148 1744 colebant·
1168 1695 1332 1760 numen,

247 1797 404 1891 reginam
428 1789 646 1890 Cypri‚‚nec
671 1815 747 1862 aras
768 1784 994 1872 victimarum
1016 1789 1137 1882 caede,
1154 1816 1223 1864 nec
1238 1789 1329 1864 labia

246 1937 372 1986 cruore
406 1908 626 2009 polluebant,
662 1911 723 1984 sed
758 1913 970 2010 unguentis,
1004 1910 1185 2003 odoribus,
1219 1912 1330 1986 melle

244 2035 362 2108 mum
379 2028 601 2104 honorabant
615 2041 676 2102 ⁴².
698 2031 806 2104 Hunc
820 2031 906 2104 adeo
923 2031 1027 2129 prisci
1043 2030 1151 2104 seculi
1170 2057 1328 2120 morem,

245 2165 286 2226 nt
312 2152 434 2252 pietati
464 2166 500 2224 et
523 2152 698 2226 sanctitati
721 2167 1019 2242 consentaneum,
1047 2153 1270 2252 sequebatur
1293 2171 1328 2228 et

244 2271 522 2347 commendabat.
594 2369 597 2374 Ι

290 2515 358 2588 Sed
380 2541 452 2588 non
476 2514 590 2588 solum
610 2513 857 2587 abstinentiam
878 2520 992 2589 carnis
1008 2532 1044 2590 ct
1058 2516 1179 2610 fabae,
1194 2545 1324 2591 verum

241 2635 435 2734 praecipue
469 2658 610 2707 morum
640 2635 896 2708 continentiam
927 2651 963 2710 et
989 2639 1183 2713 castitatem
1207 2640 1326 2714 colere

240 2755 448 2829 hominibus
472 2759 669 2855 praecepit,
699 2756 796 2855 quod
831 2759 999 2858 significat
1033 2759 1121 2833 illud
1148 2761 1327 2854 divinitus

240 2875 391 2948 dictum:
417 2885 593 2967 νηστεῦσαι
618 2875 818 2969 κακότητος,
841 2879 1022 2952 abstineto
1042 2883 1254 2979 nequitiae!
1280 2892 1322 2934 ⁴³

170 3017 174 3024 ·
240 2996 340 3094 Ipsae
358 2995 360 3000 ’
375 2998 454 3073 illae
487 3025 576 3100 quas
611 2999 832 3096 praescripsit
867 3001 1095 3091 cerimoniae,
1139 3004 1326 3094 sacrificia,

273 3188 327 3250 (dol
345 3188 413 3241 Illud
425 3189 533 3242 tradunt
545 3187 676 3240 Plutarch.
686 3189 754 3240 Plac.
766 3188 828 3258 phil.
838 3191 869 3251 V,
885 3193 928 3255 183
941 3192 1027 3244 Galen.
1042 3193 1107 3244 nnt.
1122 3193 1184 3262 phit
1195 3196 1326 3256 XXXIV;

241 3276 312 3346 qnod
331 3279 404 3345 attigi
427 3296 505 3349 snpra
526 3295 549 3346 p.
573 3279 630 3341 476.
664 3279 720 3330 Hoc
738 3279 816 3331 iidem
842 3281 909 3332 Plut.
934 3282 967 3336 V,
988 3297 1032 3344 27³
1054 3281 1141 3335 Galen.
1165 3285 1327 3338 XXXVIII:

242 3367 306 3428 corle
328 3369 361 3421 dd
380 3373 431 3422 νῦν
455 3369 621 3438 ἀνθρώπους
640 3380 698 3429 τοῖς
715 3370 831 3441 aequipero
849 3373 1107 3442 ρυμβαλλομένους,
1128 3379 1240 3445 βρεφῶν
1261 3380 1328 3430 ἐπέ-

244 3479 305 3529 χειν
322 3465 407 3524 ’τάξιν-
803 3467 807 3476 ’

274 3552 326 3618 (dr)
345 3555 447 3607 Hesiod.
467 3552 547 3624 Ἕργ.
565 3570 600 3608 vs.
625 3555 670 3606 rto
683 3554 752 3605 Cler.
766 3555 881 3605 Sturains
897 3565 1036 3624 comparat.
1053 3557 1157 3610 nomer.
1171 3561 1199 3612 Il.
1216 3581 1249 3624 α,
1267 3579 1326 3624 271,

242 3663 271 3707 e,
296 3641 354 3696 303.

158 3802 162 3808 ,
274 3735 332 3804 (la)
351 3735 532 3803 VidaEmpcd.
551 3751 600 3786 rsa.
620 3735 739 3798 set-377.

272 3828 331 3895 (ίιδ)
347 3828 456 3898 Emped.
475 3847 508 3880 rs.
527 3828 583 3890 [106.
603 3828 685 3895 tetigt
704 3825 753 3878 boc
769 3846 847 3898 supro
864 3847 889 3898 p.
908 3830 941 3880 68
954 3847 989 3898 sq.
1026 3829 1062 3881 td
1078 3829 1246 3896 Purgatiooes
1263 3849 1324 3900 pcr-

237 3919 304 3970 tinet
330 3917 399 3970 istud
419 3919 505 3971 Galerii
530 3918 627 3970 dictum
650 3917 682 3970 de
705 3921 791 3973 Causa.
812 3919 968 3974 Procatarct.
994 3935 1017 3970 c.
1038 3917 1068 3970 3:
1095 3921 1276 3972 „Democritus
1298 3931 1325 3973 et

240 4005 417 4076 Empedocles,
437 4017 464 4060 et
481 4007 555 4059 multi
567 4015 703 4076 praeterea
718 4027 750 4062 ex
762 4009 903 4063 minoribus
925 4009 1096 4078 philosophis,
1119 4009 1272 4074 consulant,
1295 4019 1323 4061 ut

144 4112 148 4132 ·
238 4097 272 4149 ab
293 4096 437 4150 excessibus
460 4099 621 4152 caveamua.⁰‘
