2768 4916
241 373 283 436 62
627 387 685 460 1οιο
709 385 925 434 nurnuoems

240 523 655 648 capillamentum,
679 547 839 650 deniqne
861 546 1050 648 πορῆχηοις
1071 549 1258 623 literarum
1278 570 1314 644 ορ

240 687 277 748 et
299 703 337 772 rp
362 675 399 746 in
424 671 574 772 singulis
596 697 711 772 paene
736 669 936 762 vocabulis,
965 669 1062 772 quod
1087 671 1205 756 nescio
1230 669 1315 770 qnid

239 821 320 870 acre
335 794 580 896 epigrammati
596 791 708 866 addit.
739 792 834 866 Sunt
848 805 885 866 et
897 791 964 866 alia
976 791 1200 892 Empedoclis
1211 791 1313 880 dicta,

204 961 207 972 ·
239 919 276 990 in
294 915 428 1017 quibus
445 915 707 1014 paronomasiae
727 927 764 988 et
784 911 966 986 antithesis
981 912 1145 1014 exempla
1161 926 1313 1002 exstant,

238 1064 333 1140 quae
363 1036 458 1110 infra
488 1034 666 1136 descripsi.
718 1035 763 1108 In
791 1033 850 1108 his
878 1034 1046 1135 Gorgiam
1073 1034 1168 1108 illius
1192 1060 1314 1110 exem-

239 1160 343 1258 plum
366 1155 586 1232 aemulatum
607 1183 700 1250 esse,
722 1156 821 1232 baud
843 1155 1079 1255 improbabile
1100 1161 1179 1230 ¹⁸².
1233 1158 1315 1230 Cae-

203 1261 205 1266 *
240 1296 362 1356 terum
380 1278 425 1352 de
444 1277 640 1352 virtutibus
660 1303 807 1380 qnoque
826 1278 985 1354 oratoriis
1004 1277 1108 1385 illum
1129 1291 1315 1377 praecepta

164 1459 166 1464 .
238 1401 390 1494 dedisse,
423 1399 566 1476 Tzetzes
595 1399 876 1499 significat1⁸³;
918 1399 1057 1474 tametsi
1090 1398 1316 1499 Empedoclis

239 1521 392 1616 dicta,.e
411 1519 545 1622 quibus
566 1520 663 1594 istud
683 1518 810 1614 efficit,
829 1519 868 1594 id
891 1520 1037 1594 minime
1058 1519 1315 1609 demonstrant.

728 1791 749 1873 ς
772 1792 824 1854 ιο.

286 2007 498 2082 Accedimus
520 2005 563 2080 ad
587 2005 665 2104 ejus
685 2010 865 2104 poemata,
892 2031 986 2106 quac
1012 2009 1102 2082 varii
1121 2008 1229 2082 fuere
1254 2035 1317 2108 ge·

238 2132 333 2206 neris
363 2143 399 2203 et
428 2129 644 2229 argumenti.
695 2128 828 2201 Fertur
853 2131 1089 2232 composuisse
1112 2133 1316 2230 tragoedias,

236 2257 399 2352 poemata
430 2277 548 2336 sacra,
571 2249 726 2348 politica,
748 2249 903 2344 medica,
928 2250 1088 2352 physica:
1112 2280 1210 2354 qnae
1237 2279 1316 2327 sane

238 2374 388 2448 varietas
405 2371 542 2471 ingenii
558 2371 636 2470 ejus
654 2369 856 2444 ubertatem
872 2371 1038 2446 declarat.
1089 2375 1219 2476 Neque
1241 2399 1321 2450 vero·

236 2497 276 2566 in
299 2493 362 2568 tali
383 2493 515 2590 indole,
534 2492 633 2595 quali
655 2490 887 2590 Empedocles
910 2493 993 2584 suit,
1013 2495 1239 2589 mirandum,
1259 2495 1315 2568 di-

238 2617 348 2692 versis
380 2616 474 2692 vitae
503 2612 723 2713 temporibus
745 2612 885 2692 diversa
910 2617 1019 2692 fuisse
1037 2616 1225 2692 literarum
1246 2632 1315 2691 stn-

236 2737 305 2810 dia.
357 2736 463 2831 Haud
488 2733 738 2834 improbabile,
769 2735 873 2810 illum
895 2736 1089 2836 juvenem,
1120 2738 1315 2813 ardentiore

237 2859 382 2958 ingenio
422 2856 626 2957 praeditum
664 2872 701 2930 et
733 2857 780 2931 in.
804 2857 912 2935 rebus
944 2859 1097 2958 publicis
1125 2862 1313 2961 agitatum,

237 2980 368 3078 tragica
401 2979 558 3058 carmina
581 2991 627 3050 et
656 2978 799 3078 politica
833 2983 1085 3079 composuisse3
1124 2981 1315 3054 maturiore

237 3113 352 3176 aetate
374 3099 578 3174 divinarum
600 3126 724 3176 rerum
745 3102 868 3176 studio
887 3104 1095 3194 incensum,
1112 3127 1212 3176 sacra
1230 3105 1313 3202 poe-

141 3276 146 3322 3
237 3237 331 3298 mata
355 3221 564 3312 condidisse3
586 3223 842 3320 provectiorem
858 3250 918 3313 ea,
936 3251 1030 3324 quae
1046 3223 1265 3323 experientia
1281 3231 1314 3294 et

270 3414 344 3507 (aar)
364 3438 401 3491 ef.
412 3437 490 3489 modo
502 3437 572 3490 dicta
582 3455 609 3490 n.
624 3439 677 3491 163.
835 3493 838 3500 ‚

270 3529 345 3596 (183)
362 3531 466 3582 Tzetzes
479 3525 545 3580 chit.
555 3529 628 3594 xil,
643 3528 691 3582 566
702 3547 757 3601 sqq.
767 3551 773 3582 a

373 3622 507 3690 τέσσαρας
522 3619 605 3688 λόγου
621 3623 720 3691 ἀρετὰς
738 3623 847 3692 λέγουσι
865 3628 1034 3694 πεφυκέναι,

374 3713 389 3764 ὁ
409 3713 570 3784 Ἰσοκράτης
589 3715 678 3785 ῥήτωρ
697 3735 731 3768 τε
751 3717 834 3776 αὐτὸς
852 3717 1108 3790 καὶ,’Λλκοδάμας,
1128 3760 1135 3773 .
1156 3759 1162 3774 .
1182 3759 1189 3774 .

314 3822 315 3825 ¹
375 3806 575 3877 Ἐμπεδοκλῆς
590 3813 645 3878 πρὸ
662 3811 773 3862 πάντων
790 3829 837 3874 τε,
856 3813 997 3877 φιλόσοφος
1015 3815 1029 3864 ὅ
1047 3795 1143 3882 μένος·

378 3899 454 3966 λέγει
472 3905 523 3972 γὰρ
541 3906 593 3971 τὴν
611 3904 789 3967 dudecano
808 3907 1060 3978 μολ-άγκορῥοκ
1078 3908 1225 3980 ὕπάρχεοκο

236 3989 340 4042 Dictum
350 3989 401 4042 bne
412 3994 527 4047 occurrit
535 3995 561 4046 in
573 3996 662 4061 fragm.
673 4012 712 4048 vs.
722 4013 760 4060 27.
771 3999 837 4052 Cum
847 4001 942 4053 Tzetza
949 4003 1064 4054 concinit
1071 4002 1189 4069 ignobilis
1197 4003 1316 4072 scriptor..

237 4079 384 4133 Matthaeus
393 4081 538 4136 Camariota
550 4102 589 4154 ap.
599 4083 725 4140 Scheffer.
734 4087 804 4140 Mire.
818 4091 917 4144 emutat.
929 4109 954 4160 p.
965 4092 1006 4153 alr.
1017 4092 1062 4144 eit.
1076 4093 1159 4146 Stura.
1176 4111 1200 4162 p.
1214 4094 1250 4146 32.
