2768 4910
450 429 689 478 annosorum.
1047 416 1109 477 445

81 603 176 676 'Haec
197 580 428 699 Empedocles
452 610 526 668 tam
547 596 593 670 de
615 594 739 670 ceteris
761 593 973 668 animalibus
998 621 1110 694 quam

45 726 84 799 de
105 718 307 798 hominibus
331 718 436 811 dixit,
458 743 552 818 quos
575 720 662 792 item
688 744 709 792 e
739 732 832 792 terre
860 731 961 790 natos
986 717 1110 808 finxit,

46 848 121 919 item
154 841 318 940 dispersis
353 843 526 940 principio
562 838 730 913 membris
766 838 956 930 exstitisse,
995 863 1111 938 eaque

47 979 117 1066 post
145 967 184 1036 in
217 961 319 1036 solidi
347 961 503 1034 hominis
529 975 697 1040 naturam
723 963 831 1034 coisse
852 967 931 1032 ¹⁷⁷.
979 958 1047 1032 Sed
1071 961 1111 1032 in

48 1087 224 1160 hominum
243 1084 380 1184 origine
404 1082 632 1156 describenda
654 1084 756 1156 finxit
779 1095 975 1182 praeterea,
998 1105 1019 1153 e
1042 1080 1112 1154 tel-

48 1207 117 1281 lure
140 1221 278 1280 exortas
301 1231 376 1279 esse
401 1203 554 1304 integras
577 1205 745 1304 quasdem
766 1204 912 1295 formas,
934 1229 1023 1303 quas
1046 1229 1113 1276 vo-

50 1343 96 1400 cat
121 1333 244 1407 τύπους
275 1329 465 1422 οὑλοφυεΐς,
486 1327 588 1400 rudia
609 1327 798 1400 hominum
820 1325 1004 1424 exempla,
1033 1326 1113 1399 sine

51 1449 159 1542 vultu,
185 1451 263 1523 sine
295 1475 398 1540 voce,
433 1450 509 1523 sine
532 1448 607 1522 ulla
639 1448 797 1521 humana
819 1461 895 1520 arte
917 1451 995 1538 ²⁷⁸,
1021 1448 1114 1522 sicut

52 1584 167 1645 statuas
190 1571 332 1644 artificis
349 1596 463 1644 manu
479 1569 642 1644 nondum
660 1569 870 1661 elaboratas3
883 1580 973 1669 quos
988 1574 1113 1651 τῦτουο

52 1691 219 1788 paullatim
236 1690 387 1764 Veneris
403 1692 609 1790 praesertim
630 1693 738 1789 opera
764 1689 923 1765 excultos
942 1703 980 1762 et
1002 1716 1113 1764 orna·

53 1825 94 1886 tos
115 1839 196 1890 esse.

92 1933 180 2007 Haec
199 1934 247 2008 de
266 1936 474 2010 animalium
496 1935 654 2035 origine,
676 1961 771 2036 quae
792 1937 821 2010 si
841 1937 937 2011 inter
960 1964 996 2011 se
1014 1961 1113 2010 com-

54 2069 226 2150 parentur,
261 2055 430 2155 distingui
463 2072 610 2155 possunt
637 2071 795 2156 qnntuor
820 2057 934 2134 veluti
964 2057 1114 2157 gradus,

55 2201 106 2271 per
129 2204 217 2276 qnos
251 2179 486 2252 animantium
516 2204 629 2276 genus
659 2206 678 2250 a
703 2179 819 2276 prima
844 2178 978 2276 origine
1001 2177 1114 2276 pede*
1210 2187 1213 2194 '

56 2295 166 2370 tentim
187 2299 232 2372 ad
253 2297 510 2396 perfectionem
537 2300 707 2373 excrevit.
756 2297 879 2370 Talem
906 2301 942 2370 in
970 2297 1117 2370 modum

55 2411 200 2491 describit
235 2417 450 2493 Plutarchus
482 2419 520 2492 in
551 2419 711 2511 Plecitis,
740 2419 842 2518 cujus
874 2417 982 2492 verba
1019 2417 1119 2492 haud

56 2533 164 2612 leviter
199 2540 391 2639 depravata
429 2539 480 2612 sic
519 2543 758 2640 corrigantur:
794 2538 1020 2637 Ἐμπεδοκλῆς
1055 2540 1118 2620 τοις

56 2656 201 2754 πρώτως
230 2662 375 2759 γενέσεις
402 2665 465 2736 τῶν
487 2658 571 2756 ζώων
592 2663 649 2736 κον)
669 2667 784 2759 φυτῶν
801 2660 960 2760 μηδαμῶς
982 2659 1118 2754 ὁλονλῆ-
1230 2671 1234 2681 “

57 2805 115 2872 μου
140 2781 315 2882 γενέσθω,
341 2781 541 2880 ἀσυμφυέσι
570 2781 607 2860 ds
634 2788 702 2865 τοῖς
726 2787 847 2882 μορίοις
877 2783 1118 2884 διεζευγμένων·

58 2903 108 2984 rte
128 2903 161 2982 dl
184 2906 403 3006 δευτέρας,
422 2906 665 3003 συμφυομένων
687 2911 748 2982 τῶν
764 2913 865 3006 μερῶν
883 2905 1119 3002 εἰδωλοφανεῖς·

57 3023 163 3106 ‘fdcdd
189 3034 335 3130 τρίτας
358 3035 419 3105 τῶν
447 3031 604 3126 ὁλοφυῶν·
634 3031 698 3112 τοις
729 3029 769 3107 dh
802 3029 1012 3130 τετάρτας
1046 3034 1120 3106 ου’κ-

59 3145 98 3220 ἐτι
113 3145 147 3224 ἓν
169 3157 232 3228 τῶν
252 3153 449 3253 στοιχείων,
481 3147 543 3228 οἷον
563 3150 601 3228 ἓν
622 3157 686 3252 γῆς
706 3154 763 3227 κα)
784 3151 926 3247 ὕδατος,
958 3153 1053 3230 ἄλλοι
1075 3153 1119 3230 dt’

60 3265 194 3368 ἀλλήλων
226 3273 285 3368 ἤδη
307 3283 386 3349 ²⁷9.
442 3277 593 3348 Primo
615 3274 689 3348 loco
716 3290 880 3350 truncata
907 3292 943 3350 et
966 3277 1120 3376 dispersa

84 3467 149 3536 (177)
166 3471 250 3522 Varro
267 3471 336 3540 apud
353 3471 466 3522 Nonium
485 3471 564 3522 Marc.
582 3489 608 3540 p.
627 3469 689 3533 555:
710 3469 895 3538 »Empedocles
914 3478 989 3520 natos
1007 3448 1122 3522 homines

60 3562 164 3608 exterra
182 3562 232 3621 ait,
248 3568 280 3610 ut
299 3559 417 3610 blitum.”
452 3561 585 3612 censorin.
603 3561 636 3612 de
647 3562 692 3613 Die
705 3571 759 3613 nat.
779 3577 801 3612 c.
819 3561 848 3622 d,
864 3577 888 3628 p.
908 3577 937 3628 ¹9
956 3576 992 3630 sq.
1007 3557 1120 3617 liarerk.

59 3637 175 3700 Plutarch.
194 3651 260 3702 Plac.
280 3648 343 3718 phil.
363 3651 394 3711 V,
419 3653 446 3702 18
465 3650 547 3718 princ.
989 3711 993 3726 Ι

88 3734 154 3800 (178)
172 3739 229 3790 vid.
250 3739 356 3808 Emped.
376 3756 425 3790 vss.
448 3737 573 3800 ars-roo,
595 3747 621 3790 et
639 3741 783 3793 comment.
803 3758 827 3809 p.
848 3739 895 3790 236
914 3756 950 3810 sq.

88 3820 154 3892 (¹79)
170 3827 299 3882 Plutarch.
314 3828 350 3882 ‹le
362 3828 429 3880 Plao.
444 3827 507 3897 phil.
522 3829 554 3889 V,
571 3845 613 3896 19;
632 3829 664 3879 cl.
680 3830 766 3881 Galen.
781 3832 845 3882 Ilist.
860 3828 1075 3899 phitxxxup.
1085 3825 1125 3880 55.

63 3904 120 3960 Duas
133 3918 236 3970 mendas
253 3919 335 3970 exemi
353 3935 420 3988 qnae
435 3935 536 3969 sensum
553 3917 629 3986 plane
643 3919 842 3986 pervertebaut3
854 3920 930 3985 vulgo
942 3919 1010 3970 enim
1023 3918 1126 3988 legitur:

64 4000 148 4059 ῖᾶςδὶ
167 4012 337 4082 ‘retroactis
357 4009 602 4077 ἀλληλοφυῶν·
625 4013 674 4069 τὰς
695 4010 728 4063 o‘t
749 4013 889 4081 τέτταρας
911 4010 1004 4062 οὐκέτι
1020 4012 1051 4062 la
1071 4010 1125 4061 τῶν

64 4090 192 4152 lector.
214 4083 357 4169 Utramque
369 4100 575 4154 emendationem
589 4117 631 4152 rea
647 4102 711 4169 ipsa,
726 4102 752 4152 ni
770 4101 855 4164 fallor,
868 4102 971 4170 probat.
989 4106 1126 4172 τετάρτας
