2796 4914
273 409 338 472 286
675 421 956 471 coumnurnruus

274 597 353 658 rasis
379 619 414 658 rs
441 602 496 671 γὰρ
521 592 591 656 sluaa
619 599 667 656 nal
696 593 904 688 ὃιεΦρρητικίν·
927 597 968 658 aa
989 601 1039 658 xci
1061 603 1193 672 μάλιστα
1214 601 1333 673 κέχρηται

274 701 359 780 αὐτῷ.
392 696 484 758 Addit
497 695 650 757 Plutarchi
664 699 871 759 testimonium
885 719 924 760 ex
938 699 1091 761 Aristotele
1105 701 1248 761 ductum:
1261 700 1335 780 Ἄρις.

276 815 402 882 ceretu:
421 810 452 871 Σὲ
472 809 583 885 μήτρας
603 815 652 871 nat
672 810 789 886 καρδίας
809 815 858 872 sal
877 809 1033 886 ἀκαλήφης
1052 819 1101 876 sal
1115 817 1245 876 vorsum
1256 817 1333 876 ἄλλων

274 919 438 994 ἀπέχεσθαί
456 917 525 992 <inm
546 924 614 988 robe
634 920 860 994 Πυθαγορικοὺς,
882 922 1001 995 χρῆσθαι
1022 921 1054 982 δὲ
1074 925 1135 992 τοῖς
1153 923 1268 994 ἄλλοις,
1282 919 1298 976 i·
1313 939 1333 977 e·

273 1018 449 1080 abstinuisse
477 1017 515 1078 ah
545 1020 747 1079 animantium
775 1019 865 1080 corde
893 1031 923 1081 et
952 1021 1059 1098 vulva,
1084 1021 1122 1082 ah
1144 1023 1240 1083 urtica
1258 1021 1334 1106 (quod

271 1136 315 1188 est
335 1117 449 1184 animal
470 1123 635 1206 marinum)
657 1123 780 1206 aliisque
802 1126 869 1207 ejus
888 1125 1005 1208 generis
1012 1150 1021 1204 3
1052 1129 1155 1188 ceteris
1175 1149 1245 1188 vero
1265 1127 1335 1188 rebus

271 1251 328 1314 pro
348 1229 492 1290 alimento
513 1251 593 1288 usos.
634 1229 684 1289 llis
705 1250 777 1290 vero
797 1241 972 1313 opponatur
991 1231 1197 1293 testimonium
1218 1255 1277 1293 non
1294 1233 1335 1292 mi·

270 1359 329 1397 nus
359 1355 463 1418 grase,
494 1336 567 1396 item
598 1334 636 1395 ab
665 1335 821 1396 Aristotele
853 1335 1064 1420 depromtum,
1087 1338 1169 1420 apud
1191 1339 1334 1421 Diogenem

271 1443 366 1503 Lairt.
388 1443 478 1517 vtll,
504 1437 559 1516 34,
591 1441 643 1523 qui
664 1439 784 1500 scribit:
814 1447 885 1522 φησι
904 1447 936 1509 l?
956 1443 1163 1523 ’Apsoros-etur,-
1182 1449 1212 1511 ἒν
1233 1457 1271 1528 τῷ
1287 1454 1336 1523 περὶ

271 1559 328 1616 rtis
357 1559 485 1628 κυάμων,
521 1555 738 1630 παραγγέλλειν
771 1552 857 1616 airis
886 1554 1076 1632 (Πυθαγόραν)
1105 1556 1263 1631 ἀπέχεσθαι
1292 1562 1335 1617 eo

268 1664 399 1737 audace,
413 1660 473 1728 licor
487 1657 531 1722 ic:
544 1659 655 1730 alicime
667 1661 734 1722 statu
748 1657 834 1735 laotos
847 1690 887 1703 -
900 1655 985 1716 addit
997 1667 1027 1716 et
1042 1655 1114 1716 alias
1127 1656 1335 1738 explicationes,

267 1783 345 1845 quas
365 1783 440 1822 mox
460 1757 646 1821 memorabo.
683 1760 766 1820 Illud
779 1770 842 1842 περὶ
853 1771 1043 1844 unipoopars
1055 1761 1145 1822 fuisse
1157 1762 1272 1824 videtur
1280 1759 1336 1820 libri

270 1866 434 1929 Aristotelis
458 1865 495 1926 de
514 1863 720 1950 Pythagoricis
741 1889 765 1928 s.
787 1867 825 1928 de
846 1868 1044 1952 Pythagorica
1065 1865 1266 1950 philosophia.
1298 1867 1335 1926 Ex

271 1971 317 2032 his
343 1951 453 2032 autem·
468 1971 546 2032 effici
571 1991 656 2054 posse
681 1993 802 2050 censeo,
830 1973 1034 2057 Pythagoram
1053 1973 1141 2036 labae
1162 1973 1282 2056 quidem
1297 1971 1336 2032 le·

252 2099 384 2166 'gumen
410 2099 474 2137 nou
496 2088 678 2156 aversatum,
710 2090 908 2162 praeceptum
928 2089 1030 2141 tamen
1051 2079 1131 2140 illud
1149 2091 1261 2160 κυάμων
1279 2083 1337 2144 brt.

267 2189 372 2264 xsolaer
396 2204 413 2243 e
433 2183 531 2266 prisca
550 2183 696 2265 religione
712 2182 888 2261 retinuisse,
914 2206 1025 2246 arcano
1045 2183 1159 2246 scilicet
1179 2207 1265 2247 sensu
1275 2209 1284 2263 ;
1300 2205 1338 2244 se·

270 2293 396 2374 quentes
417 2308 486 2348 vero
506 2285 727 2370 Pythagoreos,
751 2311 822 2349 cum
843 2288 980 2372 Orphicis
999 2291 1060 2352 fer'e
1082 2301 1294 2374 congruentes,
1310 2289 1338 2347 in

270 2393 417 2456 servando
438 2392 497 2453 hoc
516 2393 578 2452 ritu
598 2393 687 2454 fuisse
708 2393 919 2476 religiosiores:
947 2392 1021 2455 hinc
1043 2393 1160 2478 vulgari
1184 2395 1263 2456 lami
1281 2393 1339 2477 pla·

270 2502 365 2561 citum
392 2497 471 2559 illud
498 2507 532 2558 ut
552 2473 718 2582 Orphicum
738 2500 879 2584 idemque
900 2500 1137 2584 Pythagoricum
1157 2500 1339 2562 decantatum

185 2632 188 2636 ·
270 2625 341 2666 esse.
384 2602 472 2682 Quod
493 2625 562 2665 vero
583 2604 622 2665 ad
643 2627 762 2666 sensum
783 2607 906 2681 attinet,
926 2604 1050 2686 plurimi
1065 2617 1260 2689 praeceptum
1273 2602 1340 2664 illud
1391 2629 1392 2656 r

270 2717 441 2783 tumescitis
471 2709 559 2770 fuisse
587 2708 735 2785 tradunt,
768 2709 949 2771 valetudinis
982 2731 1085 2770 caussa
1114 2712 1338 2793 praescriptum:

270 2817 417 2900 quoniam
446 2837 464 2875 e
494 2815 650 2875 communi
679 2824 815 2876 veterum
835 2811 1023 2874 medicorum
1039 2812 1158 2898 judicio
1178 2813 1249 2874 faba
1267 2833 1341 2892 mag·

269 2943 343 2982 narn
364 2917 475 2982 habeat
494 2917 700 2997 inflationem,
721 2919 830 2980 mentis
843 2919 1093 3003 tranquillitatem
1106 2917 1268 3001 impediat,
1281 2937 1340 2976 cor-

269 3049 394 3112 poream
406 3025 592 3108 voluptatem
604 3025 718 3102 incitet,
726 3024 794 3086 ideo
809 3023 844 3084 eal
856 3023 1052 3084 interdictum
1063 3023 1162 3083 fuisse.
1186 3022 1340 3093 Italicam,

269 3133 397 3209 Plinius,
419 3131 583 3215 Didymus,
605 3117 736 3191 Laertius
754 3128 853 3211 (lllll,
875 3126 957 3210 24),
979 3130 1106 3211 scriptor
1126 3128 1204 3189 vitae
1224 3127 1340 3210 Pythag.

269 3238 352 3322 apud
367 3236 506 3299 Photium
515 3283 525 3312 ,
542 3234 686 3318 Apollou.
708 3234 873 3317 Dyscolus,
894 3234 958 3312 alii,
980 3233 1163 3294 existimant.
1185 3233 1226 3293 cf.
1242 3230 1340 3295 lliclas.

269 3344 302 3403 in
323 3345 458 3426 Geopou.
481 3345 525 3421 ll,
546 3343 604 3419 35,
623 3364 655 3425 p.
670 3339 740 3402 180.
762 3341 898 3426 Plerique
911 3361 981 3400 vero
996 3361 1142 3401 arcanum
1156 3335 1342 3423 quendamei

267 3448 408 3509 tribuunt
422 3470 559 3523 sensum,
579 3449 666 3530 cujus
679 3447 855 3530 praecipuas
866 3445 1083 3529 explicationes
1095 3443 1224 3506 breviter
1238 3463 1343 3504 memo·

268 3564 316 3614 rat
333 3555 462 3615 Laertius
480 3553 503 3616 l.
524 3553 546 3612 l.
568 3573 608 3612 ex
628 3550 799 3612 Aristotele:
818 3555 878 3624 lvo:
897 3557 940 3618 lca
959 3555 1071 3627 alicime
1086 3555 1265 3630 ciriciacus,
1280 3553 1343 3624 llis:

272 3662 338 3741 ᾅδου
352 3667 472 3735 πύλαις·
488 3663 628 3740 ἀγόνατον
646 3665 699 3741 γὰρ
716 3663 834 3738 ploos'i
852 3663 895 3725 ies
910 3669 946 3741 τῇ
959 3667 1012 3725 τοῦ
1029 3663 1097 3725 ὅλον
1112 3664 1195 3740 Φύσει
1214 3657 1344 3738 &coemi
1388 3727 1389 3734 ,

270 3769 315 3832 ir:
330 3771 525 3849 ὀλιγαρχικόν·
539 3773 710 3849 κληροῦνται
727 3774 796 3848 γοῦν
812 3769 919 3842 αὐτοῖς.
941 3764 1067 3849 Singula
1077 3763 1151 3826 haec
1162 3761 1345 3848 interpretari
1388 3746 1389 3765 ¹

269 3868 398 3953 longum
411 3873 497 3951 loret3
512 3873 709 3935 consulantur
722 3871 759 3932 de
775 3894 811 3932 eo
825 3873 1014 3955 interpretes,
1027 3892 1103 3954 quos
1114 3892 1204 3953 supra
1218 3867 1346 3929 laudavi·

270 3995 339 4036 nnus
346 3999 355 4052 ;
372 3976 491 4040 addunt
504 3989 534 4038 et
548 3977 619 4040 alias
633 3977 866 4062 explicationes:
887 3975 971 4060 quod
982 3997 1084 4036 semen
1099 3974 1178 4036 oleat
1191 3969 1346 4058 (Luciam),

271 4080 353 4162 quod
376 4081 409 4143 in
432 4084 496 4165 ejus
515 4082 589 4145 llore
607 4083 709 4146 literae
729 4081 872 4166 lugubres
891 4083 1079 4164 reperiantur
1097 4080 1186 4162 (Plin.
1204 4075 1346 4163 Didyma,
1387 4079 1388 4082 ’
