2768 4916
153 447 158 460 ,
277 383 319 444 52
673 387 721 436 nn
742 385 959 434 nurnnocus

162 607 165 616 =
274 559 393 634 toricis
419 557 658 657 reprehensus
687 569 750 630 est.
803 554 898 628 Illud
928 570 1049 628 tamen
1074 529 1127 628 his
1148 553 1273 628 fabulis
1290 557 1336 628 in·

271 681 431 774 dicatur,
452 677 705 778 Empedoclem
723 677 884 774 primum
903 675 1068 750 habitum
1092 701 1167 750 esse
1184 673 1338 768 irruatis,

190 831 192 835 ·
274 802 339 904 qui
364 799 593 904 Pythagorica
622 799 748 899 placita
775 803 932 875 carmine
962 802 1167 901 exposuerit
1194 817 1231 878 et
1249 803 1338 876 latius

275 922 514 1021 divulgaverit
535 930 615 994 ¹4⁵.

325 1043 396 1118 Alii
417 1043 521 1120 illum
543 1069 616 1117 non
635 1045 747 1143 ipsius
769 1045 1009 1147 Pythagorae,
1033 1043 1094 1118 sed
1118 1045 1338 1146 Telaugis,

275 1167 341 1267 qui
359 1164 470 1265 hujus
490 1165 586 1239 lilius
607 1180 644 1240 et
671 1189 850 1242 successor
873 1165 1049 1260 hahetur,
1080 1165 1278 1242 auditorem
1297 1165 1339 1238 di·
1366 1183 1367 1214 ³

274 1311 362 1362 xere
381 1288 460 1359 ¹⁴⁶.
511 1286 580 1360 Sed
604 1302 787 1380 auctores,
811 1289 876 1388 qui
901 1286 938 1360 id
963 1286 1220 1386 prodiderunt,
1247 1287 1339 1387 ignoti

274 1421 362 1482 sunt
381 1421 445 1482 aut
466 1434 597 1507 parum
618 1407 827 1508 locupletes,
845 1424 882 1482 et
899 1409 1089 1507 Telauges,
1102 1410 1208 1507 cujus
1226 1431 1341 1481 nomen
1367 1492 1368 1506 ἶ

272 1529 355 1603 satis
375 1528 591 1620 obscurum,
611 1530 790 1630 antiquior
812 1543 909 1604 certe
930 1529 1017 1622 suit,
1039 1527 1136 1603 idem
1156 1530 1289 1630 quippe
1308 1523 1342 1597 ab
1367 1509 1368 1530 ³

273 1651 348 1726 aliis
373 1651 607 1752 Xenoplranis
631 1653 795 1751 magister
820 1650 963 1726 habitus
984 1657 1064 1742 141.
1116 1651 1287 1742 Quocirca
1307 1649 1342 1720 is·

273 1775 342 1850 tud
365 1775 608 1848 testimonium
631 1799 763 1871 parum
787 1773 900 1867 valet,
920 1787 958 1848 et
980 1771 1181 1849 versiculus
1204 1773 1249 1848 ah
1271 1771 1343 1868 Hip·
1368 1825 1369 1846 ;

256 1894 401 1994 poboto
430 1893 587 1996 quodam
609 1894 796 1993 prolatus,
820 1921 897 1994 quo
923 1892 1155 1992 Empedocles
1176 1893 1342 1992 Telaugen

273 2015 498 2115 compellasse
529 2014 684 2107 dicitur,
713 2041 843 2112 parum
875 1997 971 2088 addit
1002 2013 1084 2087 fidei
1104 2018 1184 2088 ¹⁴⁸.
1236 2017 1344 2114 Neque

271 2136 387 2236 pluris
397 2135 660 2210 aestimandum
678 2149 731 2208 est
744 2134 874 2209 Suidae
894 2136 1153 2229 testimonium,
1165 2139 1233 2237 qui
1250 2137 1344 2210 mani·
1369 2135 1370 2144 ’

270 2258 403 2332 festum
423 2257 528 2345 dicit,
559 2255 821 2356 Archytam
845 2254 1088 2329 Tarentinum
1117 2256 1216 2332 illius
1239 2257 1344 2330 docto·

217 2465 221 2470 ¹
272 2405 350 2453 rem
378 2380 489 2454 saissa
512 2385 598 2448 ¹⁴92*
629 2403 714 2450 nam
752 2390 794 2450 ut
827 2375 1027 2475 superiores
1059 2376 1109 2450 illi
1140 2378 1346 2480 antiquiores

272 2498 510 2598 Empedocle,
540 2502 588 2572 ita
620 2497 678 2570 hic
708 2497 823 2570 multo
848 2498 967 2570 minor
987 2513 1078 2574 natu
1105 2499 1198 2592 fuit,
1226 2501 1346 2601 quippe

271 2619 412 2693 Platoni
442 2618 622 2720 aequalis,
651 2619 718 2690 nisi
751 2618 834 2718 quis
862 2618 954 2690 sorte
987 2618 1089 2693 hunc
1115 2645 1265 2721 quoque
1287 2619 1347 2717 Py·

272 2743 439 2838 thagorae
461 2741 663 2814 auditorem
685 2739 804 2812 facere
827 2725 926 2814 uelit.
963 2737 1130 2840 Telaugis
1156 2767 1242 2817 vero
1268 2761 1348 2840 quae

271 2862 393 2948 sertus,
427 2861 632 2962 epistolam,
670 2887 744 2960 qua
779 2859 1019 2932 Brontini
1056 2876 1093 2934 et
1130 2857 1347 2962 Hippasi,

274 2981 484 3084 aequalium
517 2979 737 3082 Pythagorae
771 2979 850 3073 vel,
882 2992 926 3054 nt
955 2981 1104 3081 quidam
1131 2983 1278 3077 volunt,
1301 2978 1349 3053 illo

308 3173 383 3242 (itt)
402 3159 441 3225 ui
455 3174 556 3226 Horatii
575 3173 659 3226 Schol.
673 3175 700 3224 in
712 3173 793 3242 Epist
809 3174 835 3233 1.
856 3189 901 3234 rs,
922 3189 966 3227 ro:
986 3175 1171 3244 nEmpodocles
1184 3171 1349 3241 Agrigentinus

254 3300 258 3309 -
271 3263 367 3328 multa,
379 3281 448 3335 quae
457 3263 490 3316 ad
499 3265 695 3331 Pythagoricum
708 3271 807 3314 sectam
819 3265 960 3330 pertinent,
970 3273 1057 3317 metro
1066 3273 1093 3318 et
1102 3264 1222 3318 versibus
1232 3258 1350 3317 tradidit''

270 3350 394 3407 Similiter
404 3354 525 3420 inlelligit
537 3353 727 3413 Lemmatzsch,
739 3351 832 3403 Weish.
844 3351 870 3404 d.
883 3355 990 3423 Emped.
1003 3371 1028 3422 p.
1041 3355 1081 3406 ¹6.

189 3495 192 3501 ,
305 3444 379 3510 (146)
392 3445 498 3524 Diqgen.
506 3443 719 3505 Lne'rtlllll,43:
732 3442 895 3513 Τηλαυγὴς.
905 3478 912 3493 ·
922 3478 929 3494 ·
941 3445 969 3504 tr
979 3449 1026 3499 καὶ
1038 3448 1187 3505 διεδέξατο
1197 3449 1246 3498 τὸν
1254 3446 1352 3510 πατέρα

273 3537 322 3589 sul
339 3539 411 3589 κατά
426 3554 504 3593 τινας
526 3533 756 3600 Ἐμπεδοκλέους
771 3527 974 3607 uaequ'oaros
996 3539 1087 3591 Suidus
1106 3541 1133 3592 in
1155 3539 1350 3605 Ἐμπεδοκλῆς·

271 3627 426 3690 Theodoret,
434 3627 547 3695 Therap.
557 3627 640 3678 Serm.
649 3627 685 3677 11.
694 3627 725 3679 Τ.
736 3630 785 3692 lV,
794 3645 819 3697 p.
828 3630 878 3698 [189
888 3630 917 3680 D.
929 3628 1006 3681 Paris.
1016 3628 1109 3682 Euseh.
1117 3629 1211 3702 Praep.
1221 3633 1268 3684 Eu.
1278 3631 1308 3692 X,
1319 3627 1351 3686 rh

271 3716 354 3789 phud
362 3719 390 3770 C.
402 3718 508 3770 Taetzer
517 3715 598 3767 tutius
607 3716 870 3788 putarit,utrumque
880 3717 999 3772 videlicet
1009 3719 1175 3786 conjungere,
1185 3719 1250 3772 Chil.
1261 3721 1295 3783 Π,
1303 3731 1350 3784 90²2

272 3799 307 3879 ἦν
320 3809 348 3863 δ’
365 3794 455 3872 οὗτος,
470 3807 569 3877 inquit,
583 3809 634 3859 τοῦ
647 3806 823 3880 Πυθαγόρου
836 3815 970 3880 μαθητὴς
982 3812 1030 3864 καὶ
1041 3809 1205 3880 Τηλαυγοῡς
1216 3811 1331 3880 ὑστέρας.
1370 3879 1371 3884 1

304 3901 378 3972 (ιίιγ)
395 3903 431 3953 Ut
442 3898 585 3953 memorari
598 3899 626 3950 in
636 3899 804 3970 Xenophane
818 3919 844 3971 p.
855 3903 870 3955 3
882 3921 921 3974 aq.
934 3910 988 3955 not.
1000 3901 1023 3954 5.

304 3991 378 4059 (¹4⁸)
395 3988 452 4042 Vid.
465 3986 627 4058 Empedoclis
637 3987 729 4055 lragm.
741 4008 779 4044 vs.
791 3993 848 4056 445.

305 4080 378 4151 (idq)
399 4077 489 4130 Suidar
505 4079 531 4129 ln
544 4094 568 4134 V.
584 4078 738 4148 Ἀρχύτας.
