2768 4916
247 383 290 444 32
644 395 694 442 nn
716 395 935 442 nurnnocms

246 587 321 661 quo
343 565 516 660 majorem
538 565 595 636 sui
618 565 823 662 opinionem
843 563 1052 638 hominibus
1072 563 1246 663 injiceret,
1266 565 1315 637 in-
1363 565 1364 612 ἕ

247 682 390 780 terdum
412 682 633 758 ambitiosius
655 711 692 758 se
711 683 871 784 jactasse,
892 683 1027 758 habent
1047 698 1168 758 tamen
1189 687 1251 760 ista
1269 686 1318 758 ali·

245 819 428 904 quantum
449 806 699 880 excusationis.
746 807 912 880 Primum
933 806 1044 882 luxus
1067 806 1127 880 illa
1148 809 1318 884 ostentatio

246 951 414 1026 magnam
429 941 568 1026 partem
578 928 899 1029 Agrigentinorum
912 927 992 1029 ejus
1002 930 1172 1027 temporis
1182 927 1319 1028 opulen-

246 1048 317 1120 tiae
334 1045 536 1121 tribuenda.
565 1050 790 1149 Agrigentini
808 1050 906 1122 enim
924 1049 985 1122 illo
1002 1065 1164 1148 tempore
1180 1065 1252 1123 tam
1266 1049 1319 1121 soli

247 1165 412 1241 ubertate
441 1196 552 1270 quam
577 1184 778 1244 mercatura
802 1171 995 1245 immensas
1018 1168 1084 1243 sibi
1107 1170 1320 1270 quaesierant
1363 1249 1364 1252 Ἴ

246 1286 404 1378 divitias,
422 1302 528 1390 'quae
552 1289 738 1390 ingentem
764 1290 909 1391 publice
933 1289 1177 1391 privatimque
1202 1290 1320 1364 luxum
1363 1349 1364 1388 3

247 1405 408 1504 a‘lebant3
430 1413 672 1488 aedificiorum
692 1414 970 1514 magnificentia,
989 1413 1165 1487 festorum
1186 1439 1320 1512 pompa,

246 1531 550 1630 suppellectilium
568 1537 798 1636 vestiumque
815 1547 982 1626 ornatus,
1001 1535 1093 1611 vitae
1108 1534 1220 1608 luxus
1233 1548 1267 1608 et
1280 1534 1322 1606 di·
1363 1539 1364 1596 ἶ

208 1741 211 1746 ,
246 1653 348 1726 liciae
372 1655 596 1730 incredibiles
618 1671 721 1730 erant
742 1661 799 1728 ⁸⁵.
850 1656 894 1728 In
919 1654 980 1728 tali
1004 1654 1168 1745 civitate,
1192 1655 1256 1730 uhi
1274 1670 1324 1728 te-
1363 1695 1364 1754 j

247 1778 367 1850 nuitas
382 1778 591 1875 praesertim
604 1779 644 1849 in
659 1777 804 1851 homine
818 1776 931 1853 divite
948 1775 1052 1850 facile
1062 1774 1195 1876 pmbro
1208 1776 1325 1867 habita,

246 1923 427 1998 quaenam
443 1897 567 1970 melior
583 1913 660 1971 erat
673 1898 720 1971 ad
738 1894 986 1986 auctoritatem
997 1898 1073 1990 via,
1089 1925 1203 2000 quam
1220 1899 1325 1998 splen·
1363 1881 1364 1938 J

247 2019 313 2093 dor
332 2019 481 2120 quidam
504 2035 541 2093 et
563 2020 698 2112 fastus,
717 2022 892 2119 gravitate
914 2020 1123 2120 praesertim
1145 2047 1188 2094 ac
1206 2022 1325 2098 severi-

249 2155 322 2214 tate
338 2141 592 2241 temperatus?
640 2141 747 2233 Quod
772 2155 896 2215 autem
917 2141 962 2216 ad
983 2142 1220 2240 arrogantiam
1240 2142 1326 2215 illam

248 2266 392 2355 attinet,
402 2290 477 2364 qua
488 2290 526 2336 se
537 2278 712 2364 tauquam
723 2265 844 2338 Deum
855 2263 1091 2363 praedicaret,
1106 2289 1201 2337 num
1217 2269 1325 2368 politas

249 2399 288 2458 et
317 2398 434 2477 vates,
464 2384 683 2479 Pindarum,
723 2385 933 2477 Horatium,
966 2399 1170 2484 arrogantes
1208 2411 1327 2460 cense-

249 2532 352 2597 mus,
381 2531 501 2605 quum
524 2508 628 2608 quasi
655 2506 890 2581 vaticinantes
911 2508 1035 2583 divina
1058 2519 1181 2580 mente
1209 2521 1247 2580 et
1274 2505 1327 2578 in-

250 2628 383 2700 stinctu
406 2652 444 2700 se
467 2628 599 2725 jactant
620 2642 657 2700 et
683 2627 813 2734 gloriae
836 2626 1137 2702 immortalitatem
1164 2628 1232 2701 sibi
1252 2629 1326 2704 vin-

250 2745 394 2822 dicant?
443 2749 576 2823 Nonne
597 2775 681 2847 ergo
706 2729 746 2821 in
768 2748 975 2850 philosopho
996 2749 1092 2823 idem
1115 2749 1327 2823 condonabi-

251 2897 352 2962 mus,
372 2867 434 2942 tali
457 2872 683 2969 praesertim,
705 2870 823 2972 qualis
845 2853 1079 2972 Empedocles
1100 2871 1201 2945 fuit?
1249 2875 1327 2945 Erat

251 2994 350 3066 enim
370 2992 422 3066 illi
441 2993 631 3089 ingenium
648 2993 800 3086 elatum,
816 2994 982 3068 sublimia
1002 3008 1182 3092 spectans,
1194 2993 1327 3066 animus

251 3116 523 3215 μελαγχολικός,
533 3129 576 3188 ut
589 3115 723 3216 judicat
737 3115 940 3190 Aristoteles
949 3121 964 3162 ⁸
972 3116 1007 3208 ⁶,
1016 3127 1328 3216 eamquenaturae

251 3238 408 3312 indolem
429 3241 524 3313 vitae
545 3237 767 3312 consuetudo
787 3253 824 3312 et
839 3238 997 3311 doctrina
1016 3237 1153 3311 aluerat
1166 3252 1205 3310 et
1220 3259 1328 3309 auxe«

129 3381 132 3389 ·
251 3375 318 3432 rat.
369 3361 544 3460 Fingebat
567 3359 636 3433 sibi
659 3359 842 3433 mundum
864 3359 1017 3459 plenum
1037 3358 1140 3432 bouis
1162 3358 1328 3456 malisque

252 3483 364 3581 geniis
387 3485 455 3584 qui
480 3508 537 3556 res
552 3481 729 3556 humanas
743 3481 1036 3577 moderarentur,
1055 3479 1329 3577 hominibusque

253 3601 314 3677 vel
329 3605 536 3703 prodessent
554 3602 612 3677 vel
630 3615 815 3694 nocerent,
834 3601 995 3696 homines
1010 3603 1103 3701 ipsos
1118 3601 1241 3679 divina
1257 3599 1331 3672 stir-

253 3752 301 3825 pe
323 3741 416 3800 0rtos
441 3725 597 3822 δαίμονας
622 3747 698 3797 esse
719 3721 962 3824 praedicabat,
990 3722 1051 3796 sed
1072 3749 1094 3796 e
1115 3721 1255 3796 coelesti
1279 3744 1328 3792 re-

287 3958 347 4022 (85)
364 3959 473 4012 Diodori
489 3959 569 4012 Siculi
586 3957 735 4028 descriptio,
751 3958 815 4012 Bibl.
830 3959 859 4013 1.
876 3961 957 4024 XIII,
978 3977 1000 4012 c
1017 3961 1047 4012 81
1068 3975 1124 4030 sqq,
1140 3957 1188 4012 etti
1203 3957 1334 4028 aliquante

256 4050 403 4120 posterior,
432 4050 567 4120 antiquam
582 4059 670 4102 tamen
688 4049 761 4102 urbia
777 4036 993 4118 magnificentiam
1008 4050 1104 4122 optime
1123 4058 1238 4106 testatur.

290 4142 341 4203 (86)
359 4140 416 4192 tud.
434 4140 542 4194 Aristot.
555 4138 685 4192 Problem.
700 4141 793 4206 XXX,
812 4158 840 4207 ¹3
858 4159 884 4214 p.
902 4139 952 4194 625
969 4144 998 4194 A.
