2776 4916
247 390 313 454 216
495 367 498 374 ’
649 407 930 458 couurnranms

130 585 133 592 ’
247 581 281 632 ut
292 570 385 632 edidit
396 592 517 656 quoque
525 570 658 634 litandis.
681 574 736 634 Pro
744 577 864 654 lotam
877 586 977 636 autem
991 575 1042 636 alii
1055 576 1314 662 (tournines)

246 680 367 757 qoam
392 697 448 758 pro
473 683 598 756 durare,
624 678 707 761 quod
734 679 825 741 habet
844 680 933 741 etism
954 681 1096 758 Brandis,
1115 683 1257 766 Simplicii
1273 684 1311 745 ed.

246 782 338 866 Phys.
358 794 389 843 et
409 783 476 843 cod.
494 785 580 844 Taur.
602 783 640 844 de
659 783 761 860 Coelo,
782 790 899 866 ἔφη,
920 807 998 870 quae
1019 786 1108 846 ambo
1123 787 1312 874 confusasnnt

247 909 370 972 quoque
390 907 432 946 vs.
446 884 518 946 375.
550 886 655 968 Simpl.
677 888 765 970 Phys.
781 897 852 972 ζωρὶ
871 896 902 957 δὲ
923 901 963 958 φὶ
982 900 1054 972 πρὶν,
1074 889 1146 952 alibi
1159 899 1231 975 <spe
1242 902 1314 960 ms,

130 993 133 999 ’
192 991 195 998 ’
247 1001 318 1072 πρὶν.
360 992 416 1051 Pro
436 993 638 1071 διιλλίξαντω
658 992 1018 1064 libentissimam.
1059 996 1118 1056 Sed
1138 995 1232 1075 haec,
1253 1007 1279 1057 et
1294 997 1311 1055 si

247 1115 325 1180 quae
345 1095 403 1155 alia
419 1094 511 1178 hujus
529 1097 660 1178 generis,
680 1097 765 1180 parri
783 1110 854 1161 sunt
869 1102 1023 1163 momenti.
1065 1100 1242 1162 Plutarchus
1262 1122 1313 1161 me·

248 1199 385 1277 moriter,
407 1200 532 1280 opinor,
554 1201 613 1262 hoc
634 1203 749 1265 dietum
770 1206 915 1282 reserens,
937 1207 1023 1289 legit:
1046 1213 1190 1290 ζυρὸτερον
1211 1216 1248 1274 eis
1265 1215 1313 1286 spis

248 1311 380 1386 lupara,
402 1305 459 1364 nisi
480 1306 579 1386 potius
600 1307 790 1374 lrhrariorum
811 1311 921 1372 menda
942 1312 995 1390 sit3
1027 1312 1209 1372 vitiosissime
1229 1323 1312 1371 autem

249 1412 282 1470 in
303 1409 465 1470 Aristotelis
484 1409 534 1470 ed.
551 1411 674 1474 Bellcr.
695 1413 820 1496 legitur:
840 1417 915 1493 aida
935 1421 967 1483 tt
988 1417 1084 1489 θνήτ’.
1108 1460 1116 1476 .
1140 1458 1147 1476 .
1173 1461 1180 1475 .
1203 1421 1313 1482 Maiam

250 1523 308 1600 ζῷά
327 1544 362 1584 τε
383 1525 444 1620 ”tlt
460 1523 581 1596 κέκριται
621 1518 716 1580 Etiam
737 1520 923 1582 liodrhelram
943 1524 976 1580 in
997 1520 1150 1604 Simplicio
1171 1528 1230 1604 {aa
1247 1524 1315 1604 (gqis)

249 1621 369 1705 legisse,
394 1608 508 1682 indicat
533 1623 598 1706 ojus
617 1623 841 1705 interpretatio,
870 1627 894 1686 si
914 1647 949 1686 ea
968 1626 1172 1708 interpretatio
1193 1625 1312 1708 appella·

248 1727 274 1787 ri
300 1736 414 1808 potest:
448 1747 550 1808 siquae
577 1737 738 1810 antequam
768 1728 925 1790 addiscant
950 1731 1131 1790 immortalia
1152 1751 1213 1790 esse
1244 1730 1313 1790 ani·

248 1831 367 1892 malia
395 1851 430 1890 ac
457 1832 540 1912 prius
557 1830 719 1893 indiscreta
740 1831 908 1916 disponunt
927 1833 1017 1894 rias.''
1059 1811 1117 1895 sed
1135 1842 1206 1918 cept
1225 1825 1312 1896 verum

248 1955 308 1996 esse
343 1945 500 1995 testantur·
521 1933 742 2016 Theophrastus
777 1936 860 2018 apud
893 1937 1100 2016 Athenaeum,
1133 1938 1310 2014 Plutarchus,

246 2037 431 2113 Eustathius‚
452 2037 486 2098 ll.
508 2037 541 2098 lt.
564 2040 617 2122 qui
637 2038 712 2100 haec
733 2039 813 2101 dicta
834 2041 978 2102 adhibent
996 2041 1035 2101 ad
1053 2053 1229 2124 potestatem
1246 2044 1312 2102 vocis

248 2150 328 2226 ζωρόν
346 2142 569 2214 declarandam.
610 2143 692 2205 Illud
705 2164 775 2206 vero
790 2145 999 2206 difficultatem
1012 2145 1083 2207 fecit
1096 2147 1225 2224 criticis,
1243 2147 1312 2230 quod

248 2258 320 2334 (opu
340 2258 369 2309 ct
387 2253 499 2327 ttapm
519 2245 570 2307 hic
585 2248 722 2328 opposita
739 2250 814 2326 sint,
832 2269 909 2332 quae
927 2249 1062 2333 alioquin
1075 2271 1132 2331 pro
1147 2250 1313 2334 synonymis

247 2353 352 2416 haberi
372 2352 496 2413 soleant.
529 2353 644 2434 ¹ltaque
664 2351 830 2412 Hermann.
850 2353 883 2412 in
903 2351 1025 2416 Aristot.
1044 2353 1236 2414 scribendum
1253 2377 1312 2416 ceu-

248 2461 322 2521 suit:
345 2467 416 2542 ζωριί
435 2487 470 2526 τε
489 2466 552 2538 πρὶν
572 2465 701 2538 deonas.
719 2458 785 2535 ulii,
807 2467 879 2541 ζωρά
898 2487 932 2526 rr
952 2469 993 2526 rit
1011 2467 1072 2540 arrh
1094 2463 1225 2541 κέκριὲτο.
1265 2457 1312 2518 Sed

247 2563 368 2644 vulgata
394 2562 484 2622 lectio
512 2562 700 2624 sollicitanda
730 2585 792 2623 non
822 2576 894 2624 erat.
935 2565 1011 2626 Nam
1042 2572 1127 2647 ζωρὶς
1151 2566 1204 2626 etsi
1234 2563 1313 2643 vulgo

248 2665 398 2748 significat
422 2688 536 2744 morus,
565 2674 645 2751 ζωρῦν
670 2687 782 2728 mamm
792 2712 803 2740 ,
834 2677 935 2728 tamem
962 2680 1125 2751 usurpatur
1148 2689 1264 2752 qnoque
1282 2665 1313 2724 dc

248 2772 319 2832 vino
337 2774 443 2853 fortius
463 2783 638 2851 temperato,
663 2794 727 2832 non
748 2773 837 2832 nimis
858 2771 973 2850 dilut03
994 2794 1055 2856 quo
1076 2793 1165 2834 sensu
1181 2775 1245 2855 jam
1264 2771 1313 2828 llo-

250 2899 348 2938 merus
368 2879 406 2941 lt.
428 2908 454 2954 r,
475 2878 552 2940 203:
577 2887 720 2962 ζωρότερον
742 2884 773 2948 δὲ
794 2886 895 2959 κέραιε.
921 2877 1002 2938 unde
1026 2890 1056 2940 ct
1073 2885 1222 2961 μελίζωμς
1243 2875 1313 2936 idem

248 2983 332 3067 quod
350 2993 529 3066 μελίκρητσς.
572 2987 648 3068 Ergo
666 2985 856 3068 Empedocli,
870 2985 923 3068 qui
936 3005 954 3044 a
967 2983 1083 3065 vulgari
1095 2983 1236 3043 sermonis
1249 3001 1313 3040 oon·

248 3091 405 3153 suetudine
419 3112 483 3150 non
497 3111 564 3151 raro
578 3091 723 3167 discessit,
737 3091 822 3151 licuit
835 3113 905 3151 sanc
920 3097 1001 3173 ζωρὶν
1014 3091 1112 3152 dicere
1125 3112 1182 3172 pro
1195 3094 1313 3169 εὔκριτον

105 3213 107 3220 ·
166 3183 167 3186 “
247 3197 297 3256 rel
318 3203 493 3277 κεκμμένου,
537 3197 633 3278 Atque
660 3194 720 3254 hoc
743 3216 830 3254 sensu
850 3206 960 3256 veteres
980 3215 1056 3278 qnos
1076 3195 1229 3255 citavimus
1250 3213 1312 3252 auc-

248 3311 342 3377 tores,
363 3301 595 3383 Theophrastus,
617 3298 810 3374 Plutarchus,
831 3297 1015 3374 Eustathius‚
1032 3320 1188 3384 accepere,
1203 3300 1231 3358 in
1245 3317 1312 3380 quo·

249 3428 318 3467 rum
339 3407 455 3490 judicio
477 3404 727 3488 acquiescendum
750 3403 892 3478 arbitror,
913 3413 948 3462 nt
964 3402 1078 3465 Sturrio
1093 3423 1214 3484 quoque
1228 3400 1312 3461 visum

248 3522 302 3572 est.
344 3511 386 3572 Cf.
409 3509 609 3572 Graefenhan.
630 3509 662 3567 in
683 3508 801 3568 Aristot.
823 3509 903 3568 Poe‘t.
925 3527 956 3588 p.
981 3505 1042 3566 210
1062 3527 1106 3589 sq.

289 3618 338 3678 Vs.
362 3615 431 3676 181.
475 3623 568 3694 θαῦμα
588 3618 712 3689 ἰδέσθαι)
753 3612 968 3693 intelliguntur
988 3612 1122 3671 monstra
1138 3611 1191 3672 illa
1210 3615 1313 3691 βουγενῆ

247 3725 435 3802 ἀνδρόπρωρα,
463 3742 540 3804 quac
572 3718 781 3780 describuntur
810 3715 888 3775 iufra
915 3736 956 3774 vs.
984 3715 1045 3776 238
1073 3737 1139 3799 sqq.
1188 3715 1312 3776 Similiter

249 3827 364 3888 Lucret.
385 3830 420 3903 V,
439 3825 517 3886 836:
539 3827 616 3884 mird
634 3821 928 3905 sucismemdrt'sque
949 3828 1056 3880 coorto.
1097 3821 1198 3904 Virgil.
1215 3821 1311 3896 Georg.

250 3931 308 4004 lv,
331 3929 406 3991 309:
428 3931 552 3990 visendo
572 3929 668 3988 enodis
689 3927 835 3991 solissolis
855 3925 948 3984 miris.
1121 3975 1124 3984 ,

283 4035 355 4096 ΙἾεε.
379 4033 521 4095 182-185.
563 4041 588 4101 ei
607 4033 632 4096 δ’
654 4038 721 4113 lire,
740 4063 776 4082 *-
801 4033 942 4105 drauva.)
980 4028 1112 4092 Fortasse
1132 4027 1175 4090 his
1194 4047 1244 4088 vso.
1265 4045 1313 4106 ag·
