2768 4910
247 381 310 442 450
647 391 694 474 ns
717 389 935 440 amanuncus

295 557 389 630 Haec
415 555 461 627 de
490 555 648 653 partium
676 552 888 638 formatione
912 555 1130 652 generatim
1159 551 1206 624 de
1234 560 1326 623 non-

164 718 171 723 ·
246 675 357 750 nullis
376 699 461 752 vero
480 673 704 763 animalium,
731 673 920 747 hominurn
945 673 1156 771 praesertim
1171 669 1327 770 partibus

245 795 446 872 accuratius
469 793 649 886 disseruit,
669 795 713 865 in'
734 793 868 893 quibus
891 821 964 867 non
985 792 1102 885 solum
1130 791 1325 866 naturalem

245 918 508 994 elementorum
543 915 617 988 vim
654 929 691 988 et
725 915 919 990 fortuitum
953 928 1106 1003 motum,
1135 911 1324 986 sedetiam

247 1054 381 1114 certam
411 1036 584 1110 rationem
610 1049 646 1108 et
670 1036 809 1134 providi
835 1037 996 1111 numinis
1020 1061 1145 1108 curam
1172 1035 1323 1134 ognovit,

246 1161 440 1259 finxitque,
474 1155 604 1230 almam
636 1171 787 1230 naturae
818 1158 1026 1256 genitricem
1055 1171 1168 1230 certas
1201 1171 1323 1244 terrae,

246 1280 353 1380 ignis,
379 1302 494 1378 aquae
518 1278 702 1376 portiones
728 1278 865 1376 ratione
890 1276 1066 1376 modoque
1092 1276 1224 1350 mixtas
1244 1302 1321 1349 oon-

247 1400 428 1474 strinxisse
451 1412 488 1470 et
504 1399 543 1469 in
562 1400 676 1472 varias
693 1399 824 1496 figuras
847 1399 1015 1472 formasse
1033 1401 1112 1470 ¹⁸⁸.
1166 1398 1262 1471 Haec
1280 1411 1322 1470 est

248 1547 342 1621 quae
369 1548 390 1591 a
420 1518 598 1616 Simplicio
627 1534 774 1596 vocatur
806 1521 824 1609 ἡ
857 1517 1036 1616 ἐναρμόνιος
1065 1525 1127 1595 τῶν
1157 1522 1322 1619 στοιχείων

248 1643 366 1738 κρᾶσις
388 1642 474 1730 ¹⁰⁹,
504 1665 615 1740 quam
651 1639 883 1738 Empedocles
907 1643 1113 1740 praesertim
1138 1644 1177 1714 in
1204 1643 1321 1714 ossium

247 1762 461 1836 formatione
508 1759 689 1834 adhibuit:
737 1759 781 1834 de
822 1788 897 1862 quo
936 1762 1079 1860 saepius
1114 1763 1322 1836 mentionem

246 1882 331 1964 facit
369 1880 594 1974 Aristoteles,'
624 1880 763 1977 dicens,
797 1883 900 1956 illum
935 1885 973 1955 in
1012 1882 1066 1956 his
1097 1877 1322 1985 descrihendis

247 2017 380 2076 certam
430 2027 618 2101 agnoscere
657 2018 875 2078 structuram
916 2019 954 2078 et
987 2006 1146 2103 partium
1183 2029 1321 2105 propor-

248 2127 380 2200 tionem
412 2127 530 2226 (λόγον
563 2125 762 2225 aiva)1⁹0;
794 2144 952 2204 attamen
986 2129 1220 2202 manifestum
1259 2148 1320 2197 esse

247 2271 322 2320 non
353 2273 427 2320 ossa
460 2262 626 2341 tantum,
658 2250 720 2322 sed
744 2250 854 2323 etiam
878 2276 1022 2323 carnem
1046 2264 1083 2324 et
1107 2246 1320 2348 reliquorum

248 2367 540 2468 unumquodque
573 2369 818 2444 membrorum
845 2372 925 2471 pari
949 2369 1052 2444 modo
1076 2382 1238 2443 constare
1254 2374 1318 2435 ¹⁹¹.
1378 2373 1379 2432 i

247 2486 357 2560 Unde
381 2486 510 2561 efficias
534 2515 620 2563 eum
644 2490 769 2565 dehis
793 2491 884 2564 nihil
907 2491 1056 2583 dixisse3
1085 2487 1186 2589 quod
1212 2501 1318 2562 tamen

247 2609 296 2681 ita
319 2608 438 2706 potius
463 2609 728 2708 accipiendum,
760 2612 864 2688 illum
892 2612 937 2688 de
964 2614 1096 2686 ossium
1119 2610 1316 2682 formatione
1377 2655 1378 2705 p

247 2727 452 2828 diligentius
474 2732 675 2832 exposuisse
694 2760 806 2834 quam
826 2734 871 2810 de
895 2735 1038 2835 reliquis
1057 2730 1234 2832 partibus,
1256 2753 1317 2799 non

247 2873 333 2924 vero
362 2849 449 2924 haec
471 2852 577 2950 plane
600 2856 770 2951 omisisse;
789 2860 864 2957 ipse
885 2856 1091 2931 Aristoteles
1112 2853 1217 2944 alibi,
1236 2849 1317 2923 idem
1376 2945 1377 2958 ἵ

280 3068 354 3130 tres)
372 3066 430 3118 vid.
447 3067 555 3136 Emped.
572 3084 620 3121 ru.
639 3085 700 3138 ²⁰9·
718 3071 837 3135 anpadr.

282 3153 356 3222 (189)
372 3154 495 3226 Simplicii
512 3156 555 3208 vel
570 3157 707 3227 Porphyrii
726 3160 808 3212 rerba
826 3161 903 3214 attuli
919 3177 1003 3230 snpra
1015 3179 1041 3230 p.
1059 3163 1115 3222 trs.
1375 3213 1376 3247 p

272 3243 358 3312 ,(ιςο)
375 3245 466 3312 Inepte
485 3246 630 3313 Apostolius
650 3249 773 3303 Proverb.
793 3253 867 3308 XIV.
882 3249 927 3314 st,
940 3251 1080 3304 Aristotelis
1092 3249 1188 3304 verbra
1204 3247 1318 3310 'Bourd-

250 3335 350 3388 dovoia
364 3336 402 3401 τῷ
412 3334 482 3403 λόγῳ
491 3337 574 3404 φησὶν
587 3331 672 3403 εἶναι,
687 3339 792 3392 adhibet
804 3339 837 3392 ad
847 3341 1028 3411 explicandum
1038 3339 1218 3411 proverbium:
1232 3341 1318 3392 ὀστοῦν

251 3427 342 3480 ἔνεστι
361 3429 400 3497 τῷ
417 3427 498 3496 λόγῳ,
523 3446 550 3478 os
568 3432 637 3481 inest
654 3433 684 3481 ia
701 3434 829 3495 oration,
848 3431 864 3482 i.
881 3448 906 3484 e.
922 3431 1064 3494 sententia,
1083 3432 1121 3484 via
1139 3439 1166 3484 et
1184 3433 1257 3496 rigor
1272 3445 1318 3482 ser·
1374 3469 1375 3519 t

249 3518 320 3571 moni
340 3517 416 3570 inest.

281 3611 356 3676 (¹9¹)
373 3607 431 3659 vid.
457 3606 561 3660 Aristot.
584 3609 617 3662 de
640 3609 708 3661 Part.
731 3610 813 3662 inim.
835 3611 860 3672 1,
890 3623 913 3660 t.
937 3627 963 3679 p.
985 3609 1034 3678 739
1055 3611 1090 3674 E;
1111 3611 1229 3680 Metaph.
1254 3611 1279 3670 Ι,
1298 3623 1318 3670 7·

250 3714 276 3768 p.
298 3696 349 3759 654
372 3713 409 3766 sq.
429 3698 469 3762 (t,
491 3712 528 3749 ro.
547 3695 651 3763 Beki.);
677 3715 742 3768 qnos
760 3699 830 3752 looos
847 3716 926 3770 supra
944 3699 1028 3752 attuli.
1052 3700 1085 3751 ct.
1105 3699 1173 3767 idern
1194 3699 1227 3752 de
1248 3697 1317 3750 inin.

249 3789 280 3851 1,
301 3785 324 3838 t.
349 3803 376 3856 p.
396 3785 447 3849 ddi
473 3786 507 3851 ὓς
535 3786 568 3839 (le
595 3785 692 3856 Spiritu
718 3804 740 3842 c.
767 3806 797 3856 9,
822 3806 849 3858 p.
874 3789 923 3842 ssa
942 3790 971 3842 G.
992 3789 1124 3841 Postremo
1144 3788 1316 3843 incohatum,

248 3875 430 3945 Empedoclem
446 3875 479 3930 de
495 3891 550 3930 orte
567 3876 687 3928 universe
704 3883 807 3938 tantum
824 3879 930 3936 dixisse,
941 3894 996 3930 nou
1008 3885 1095 3932 autem
1107 3872 1318 3930 diversornmani·
1372 3905 1373 3926 t

248 3964 353 4016 analium
364 3981 420 4018 ossa
430 3965 580 4018 distinxisse.
594 3967 650 4017 Hoc
659 3981 734 4017 sensu
745 3967 921 4037 accipiendum
929 3967 1002 4020 iilud:
1019 3947 1109 4032 'lipia
1125 3972 1221 4021 otetur
1231 3959 1316 4032 (λέγει)

249 4055 340 4114 ἅπλῶς
359 4061 410 4119 τὴν
431 4078 480 4110 του
502 4059 582 4110 trost
605 4055 691 4119 odon.
794 4093 798 4106 .
