2796 4914
191 383 201 397 ’
281 403 345 466 ³08
677 417 724 464 ns
746 415 963 467 nsrnnocus

329 581 455 682 Magna
478 581 537 656 illa
561 597 600 656 et
621 596 809 684 pervagata
832 580 1015 682 quaestio,
1038 593 1167 654 utrum
1191 581 1230 652 in
1251 593 1335 654 natu·

278 729 339 778 rae
363 702 513 804 verique
535 702 759 802 indagatione
782 702 865 802 plus
888 703 933 775 sit
956 727 1130 776 sensuum
1159 703 1334 776 testimonio

275 851 321 898 an
347 823 491 896 rationis
516 821 648 922 judicio
671 821 924 913 tribuendum,
950 821 1021 920 jam
1045 822 1243 922 antiquitus
1263 820 1333 920 pbi-

274 945 497 1045 losophautes
521 943 623 1044 quasi
641 943 680 1014 iu
703 941 792 1015 duas
810 941 927 1017 divisit
945 956 1073 1042 partes.
1123 944 1335 1042 Quamquam

274 1083 414 1143 veteres
442 1065 492 1137 illi
517 1089 592 1136 uon
616 1061 667 1137 sic
690 1077 734 1136 ut
757 1064 903 1136 seriores
927 1062 1103 1136 subtiliter
1125 1063 1172 1136 de
1197 1061 1264 1134 hoc
1284 1061 1335 1134 dis

275 1201 480 1286 captarunt,
503 1200 631 1260 utrum
655 1185 756 1261 veri
785 1183 994 1283 κριτήριον
1022 1185 1220 1258 insensu
1243 1184 1333 1256 auin

272 1322 398 1382 recta
426 1309 607 1381 ratione
634 1309 790 1406 positum
818 1309 863 1380 sit
891 1307 1002 1407 (quod
1026 1305 1192 1380 nonnulli
1216 1308 1257 1379 iis
1280 1305 1334 1379 tri-

272 1429 418 1528 bucre);
451 1429 743 1504 Academicorum
773 1430 845 1502 fuit
876 1427 963 1504 haec
990 1427 1165 1520 formula,
1186 1443 1333 1502 vetemur

271 1551 468 1625 sententiae
494 1577 624 1650 parum
645 1566 903 1645 consentanea,
936 1551 1070 1651 quippe
1094 1551 1159 1649 qui
1186 1576 1254 1622 nec
1273 1548 1333 1620 dis-

271 1674 428 1764 crimen,
459 1672 557 1772 quod
590 1673 689 1748 inter.
711 1697 836 1746 sensus
868 1684 905 1744 et
941 1672 1114 1744 rationem
1142 1671 1333 1760 intercedit,

270 1791 449 1866 subtiliter
471 1793 709 1868 distinxerint.
759 1793 815 1866 Illi
839 1793 949 1892 magis
968 1794 1076 1866 animi
1092 1793 1275 1868 voluntate
1288 1788 1331 1866 rel

268 1911 405 2010 ingenii
435 1915 607 1988 instinctu
639 1941 750 2014 qnam
783 1912 904 1987 subtili
931 1915 1238 2013 argumentatione
1256 1913 1330 1986 hauc

268 2031 412 2109 illamve
429 2036 601 2108 rationem
625 2049 710 2110 sunt
727 2034 854 2109 secuti.
904 2037 1007 2128 Quae
1025 2034 1091 2107 hac
1110 2034 1156 2108 de
1174 2060 1215 2108 re
1236 2033 1329 2108 fuerit

268 2153 491 2252 Empedoclis
513 2159 706 2247 sententia,
727 2181 822 2256 qnae
841 2154 1111 2255 philosophandi
1140 2157 1245 2248 ratio,
1265 2179 1329 2226 car-

268 2274 374 2348 minis
398 2276 585 2350 exordium
609 2278 790 2374 significat.
1148 2373 1150 2377 Ι

313 2396 489 2487 Queritur
508 2395 558 2470 ibi
582 2402 684 2495 podta
707 2397 753 2472 de
775 2401 850 2475 veri
872 2399 1103 2500 cognoscendi
1124 2398 1328 2472 difficultate:

266 2530 431 2614 angustas
454 2541 528 2590 esse
547 2517 682 2616 ingenii
706 2501 908 2613 facultates,
931 2535 1089 2594 mentem
1109 2523 1206 2595 curis
1229 2517 1329 2592 hebe-
1394 2571 1395 2576 κ

266 2649 398 2730 totam,
428 2635 537 2714 breve
556 2640 650 2713 vitae
672 2642 841 2738 spatium:
870 2641 1006 2742 quibus
1029 2642 1138 2716 rebus
1161 2641 1270 2731 effici',
1292 2650 1329 2710 ut

264 2753 427 2830 homiues
449 2759 654 2837 universam
679 2777 830 2836 naturae
851 2765 925 2840 vim
945 2765 1144 2863 perspicere
1170 2767 1223 2856 (rb
1248 2756 1329 2837 οὖλον

265 2875 374 2974 εὑρεῖν)
405 2904 479 2952 non
512 2880 653 2956 valeant
669 2895 701 2958 ¹.
751 2883 890 2958 Deinde
915 2887 1007 2958 Deos
1027 2886 1196 2960 invocans
1216 2909 1328 2985 preca-

263 3011 342 3090 tur,
367 3012 410 3072 ut
441 3015 597 3076 mentem
625 3029 728 3078 suam
755 3004 877 3081 divino
900 3005 1021 3080 afflatu
1046 3021 1225 3100 moveant,
1248 3018 1327 3078 casto

263 3143 309 3192 ex
330 3145 392 3194 ore
411 3147 548 3220 purum
571 3127 762 3224 sapientiae
785 3124 922 3201 flumen
943 3130 1127 3221 emittant,
1148 3131 1327 3227 ipsumque

264 3241 366 3338 quasi
390 3242 564 3342 religionis
585 3270 696 3318 curru
719 3246 763 3319 ad
785 3248 977 3347 sapientiae
998 3274 1114 3322 arcem
1137 3249 1326 3326 evehant2.
1390 3271 1391 3274 ’

263 3357 369 3434 Τιιηι’
396 3363 471 3461 ipse
504 3391 579 3438 sese
614 3364 671 3441 vel
704 3368 823 3466 potius
853 3369 954 3442 Musa
977 3396 1064 3444 eum
1087 3371 1260 3461 hortatur,
1286 3344 1328 3438 ne
1389 3387 1390 3463 l

261 3484 338 3556 veri
357 3485 589 3582 cognoscendi
606 3485 873 3561 difficultatibus
890 3489 1122 3583 deterreatur,
1139 3492 1201 3565 sed
1217 3511 1327 3588 sapere
1388 3527 1389 3540 r

261 3603 408 3698 audeat3
427 3621 623 3706 monetque
650 3633 696 3682 ne
715 3613 753 3680 in
775 3625 926 3684 naturae
940 3612 1144 3712 'cognitione
1165 3632 1327 3685 sensuum
1387 3685 1388 3706 ,

261 3726 342 3800 visis
365 3727 503 3822 credat,
525 3729 586 3803 sed
608 3730 725 3829 potius
750 3733 1061 3833 unumquodque,
1082 3733 1191 3833 quale
1212 3757 1275 3831 per
1293 3751 1327 3800 se

259 3860 332 3941 est,
353 3850 496 3950 indaget
512 3860 545 3927 ³.

296 4015 534 4088 (1)Vid.Emped.
551 4037 598 4074 raa.
615 4022 647 4075 32
665 4041 719 4096 sqq.

291 4107 331 4175 (a)
347 4107 420 4160 Idem
434 4125 485 4162 ωε.
504 4108 590 4194 4¹:45·
793 4114 833 4183 (3)
850 4114 888 4167 ld.
906 4132 954 4170 raa.
972 4115 1058 4179 ‹ta-5³.
