2796 4914
471 427 710 476 rmnosorrfflt.
1065 414 1130 474 345

65 596 242 690 elementa,
253 622 326 670 non
337 611 418 670 nata
429 611 550 672 tamen
559 595 868 688 illa‚sedaeterna,
879 596 1014 697 qnippe
1024 627 1129 700 quae,

65 719 189 816 pariter
209 731 252 792 ut
270 716 436 817 sphaera,
458 718 530 791 fato
552 744 592 790 ac
616 719 821 790 necessitate
843 732 1063 813 constarent,
1094 739 1131 797 et

64 834 214 942 quornm
238 840 381 938 originis
410 838 556 912 nullum
588 839 731 938 cogitari
760 853 874 938 posset
901 842 1129 938 principium.

65 964 243 1038 Elementa
270 960 327 1034 illa
354 961 437 1033 lecit
463 962 558 1033 inter
578 985 615 1034 se
637 959 815 1059 aequalia,
838 964 1131 1065 unumquodque

63 1113 121 1185 per
145 1113 184 1162 se
207 1081 384 1176 constans3
404 1082 627 1184 singulorum
648 1097 769 1156 tamen
794 1098 961 1156 naturam
976 1097 1013 1158 et
1025 1090 1132 1185 quasi

64 1208 217 1306 ipsorum
230 1208 324 1282 inter
339 1233 377 1282 se
387 1205 558 1280 terminos
569 1231 642 1278 non
655 1205 841 1306 diligenter
852 1207 1132 1310 circumscripsit.

65 1330 120 1404 Illa
141 1344 229 1405 sunt
244 1355 367 1404 rerum
383 1327 550 1402 omnium
567 1342 640 1401 tem
654 1326 859 1401 divinarum
876 1354 986 1428 quam
1001 1329 1133 1405 huma-

66 1479 191 1526 narum
220 1450 371 1542 radices,
403 1476 497 1549 quae
521 1464 594 1523 tam
613 1463 747 1522 ceteras
769 1463 920 1524 naturae
946 1451 1135 1551 qualitates

65 1603 168 1677 quam
189 1599 335 1647 sensum
354 1572 584 1672 animamque
604 1573 641 1643 in
666 1597 703 1686 se
725 1572 918 1645 continent.
968 1575 1047 1672 Ipsa
1070 1603 1134 1649 au·

65 1712 132 1771 tem
150 1721 224 1768 non
244 1695 335 1768 sicut
355 1718 412 1766 res
429 1709 578 1766 naturae
594 1705 783 1765 mutantur
803 1705 839 1765 et
856 1695 1052 1789 variantur,
1074 1698 1135 1771 sed

66 1816 193 1892 stabilia
213 1831 299 1891 sunt
317 1831 354 1890 et
370 1813 578 1908 individua3
594 1839 715 1913 quum
731 1812 907 1888 elementa
923 1817 1135 1918 intelligeret

65 1967 131 2014 non
152 1965 301 2012 crassam
325 1937 522 2026 materiem,
549 1935 611 2008 sed
637 1933 747 2034 hujus
767 1934 881 2009 veluti
904 1939 1037 2035 specics
1061 1942 1135 2016 sive

65 2065 221 2136 notiones
245 2074 366 2138 mente
395 2083 593 2156 expressas,
626 2059 794 2154 corporet
823 2057 922 2132 faece
957 2057 1136 2160 fluxuque

65 2185 251 2257 immunes.
310 2179 479 2280 Denique
510 2176 635 2252 eadem
668 2163 761 2252 Deos
793 2180 1026 2276 praedicavit,
1063 2209 1136 2256 non

65 2307 168 2405 magis
196 2308 386 2402 poetarum
414 2315 451 2375 et
476 2299 702 2401 physicorum
728 2326 829 2375 more
851 2327 963 2400 quarn
990 2328 1052 2376 suo
1071 2302 1137 2401 ju-

65 2425 164 2517 dicio,
195 2423 333 2525 quippe
362 2449 481 2523 quum
510 2421 555 2494 ab
582 2420 639 2495 his'
663 2423 772 2496 totius
805 2422 933 2496 mundi
970 2438 1137 2500 naturam

65 2550 296 2647 omniumque
316 2549 390 2618 tani
412 2544 616 2622 divinarum
630 2541 740 2642 qnam
757 2531 999 2622 humanarum
1013 2573 1137 2622 rerum

65 2667 233 2767 originem
256 2679 448 2766 repeteret.
