2796 4914
475 407 714 460 nannosnnsns.
1069 398 1134 460 309

108 585 202 657 Hace
218 580 293 654 fere
310 590 395 652 sunt
411 603 505 678 quae
521 577 560 650 in
575 575 796 676 Empedoclis
809 577 967 653 verubus
980 579 1132 680 abrupte

65 705 250 804 leguntur,
282 726 304 775 o
332 697 466 801 quibus
492 699 559 772 tria
583 699 806 796 potissimum
830 697 945 798 colligi
967 714 1133 798 possunt:

63 827 240 923 primum,
260 819 457 896 abstrusam
480 845 555 895 esse
583 833 620 892 et
642 824 791 894 arduam
815 818 954 893 homini
982 811 1133 896 naturae

63 945 312 1044 cognitionem
332 967 457 1042 perro,
479 939 645 1016 obscuros
663 955 701 1016 et
719 941 859 1021 fallaces
881 967 1030 1032 sensus,
1055 967 1134 1016 res-

62 1091 128 1166 que
150 1065 235 1140 alias
256 1089 363 1160 saepe
377 1061 422 1138 iis
441 1060 575 1168 videri,
593 1060 676 1133 alias
694 1064 820 1137 revera
842 1087 933 1158 esse3
958 1061 1134 1162 denique,

63 1213 129 1260 non
154 1183 315 1260 humani
340 1207 422 1282 ope,
445 1180 504 1276 scd
528 1180 648 1257 divino
668 1183 785 1280 potius
807 1185 981 1260 instinctu
1002 1185 1135 1281 sapien·

62 1307 142 1379 tiam
170 1305 267 1404 pari,
297 1327 449 1405 eamque
478 1300 566 1376 adeo
592 1326 677 1378 cum
698 1307 882 1378 sanctitate
906 1319 943 1380 et
965 1305 1134 1380 modestia

61 1453 128 1500 esse
150 1427 387 1528 conjunctam.

103 1548 243 1620 Horum
278 1546 439 1646 primum
472 1562 508 1620 et
540 1545 694 1649 alterum
718 1547 858 1646 saepius
880 1549 993 1646 tangit
1015 1549 1136 1624 Cicero

61 1670 92 1740 in
115 1672 279 1763 Quaestt.
308 1665 544 1764 Academicis,
576 1670 675 1744 unde
699 1671 886 1756 discimm,
911 1667 1135 1742 Academicos

64 1791 111 1863 vel
132 1790 306 1888 Sceptieos
332 1789 468 1888 potius,
501 1792 710 1864 nominatim
739 1789 950 1880 Arcesilam,
978 1804 1021 1864 ut
1044 1791 1143 1862 atto-⁸

60 1937 136 1984 rum
166 1923 332 1985 veterum
361 1910 410 1982 sic
437 1910 660 2010 Empedoclis
687 1936 834 2011 quoque
855 1909 947 1983 dicta
970 1912 1007 1982 in
1032 1935 1134 1988 suam

61 2033 266 2105 sententiam
298 2032 544 2130 interpretatos
580 2058 675 2126 esse,
708 2033 810 2131 quasi
848 2031 909 2104 ille
947 2044 1146 2124 statueret,

61 2153 167 2225 »nihil
183 2153 356 2252 cognosci,
376 2151 466 2224 nihil
487 2154 640 2252 percipi,
659 2153 749 2226 nihil
769 2153 849 2226 sciri
869 2177 986 2251 posse:
1008 2177 1135 2252 angus·

61 2285 106 2345 tos
122 2297 264 2365 sensus,
281 2271 473 2348 imbecillos
490 2273 644 2366 animos,
664 2273 784 2352 brevia
803 2272 980 2348 curricula
1000 2273 1132 2364 vitae,”

61 2389 211 2492 denique
227 2393 369 2466 somnia
385 2393 541 2467 tenebris
558 2394 773 2468 circumfusa
787 2395 844 2468 ⁴.”
873 2393 985 2487 Haec,
1002 2419 1132 2493 quam·

60 2537 162 2609 quam
189 2536 237 2586 ex
265 2510 348 2610 ipsis
374 2513 599 2612 Empedoclis
621 2514 740 2589 verbis
766 2514 893 2609 ducta,
913 2528 1034 2588 tamen
1058 2541 1132 2588 non

60 2655 181 2726 parum
211 2646 314 2706 aucta
344 2648 441 2707 sunt.
485 2635 700 2708 Restrictius
734 2633 909 2708 Lucullus
942 2633 1010 2706 illis
1034 2659 1133 2709 ,con-

61 2745 275 2826 tradicens⁵t
303 2734 389 2826 lslsti
408 2753 623 2853 philosophi,
644 2756 778 2854 inquit,
797 2782 895 2828 raro
921 2755 1131 2845 admodum,

60 2885 170 2970 quum
196 2873 347 2948 haerent
377 2875 497 2974 aliquo
526 2876 621 2968 loco,
651 2867 850 2948 exclamant
875 2876 977 2975 quasi
1009 2879 1157 2948 mente

61 2992 208 3088 incitati,
229 2995 459 3095 Empedocles
484 2996 650 3096 quidem,
678 3008 720 3069 ut
740 2995 924 3071 interdum
946 2995 1034 3067 mihi
1061 2997 1129 3068 fu·

61 3139 132 3186 rere
151 3115 316 3190 videatur
332 3117 375 3214 (si
395 3118 550 3190 furere
567 3117 612 3190 de
628 3114 766 3214 poe'tico
783 3115 907 3188 ardore
923 3115 1128 3214 intelligas),

61 3233 210 3329 abstrusa
232 3262 306 3310 esse
323 3237 462 3332 omnia,
487 3237 577 3309 nihil
598 3239 826 3328 nossentne,
852 3235 943 3311 nihil
963 3261 1128 3320 cernere,

60 3351 140 3426 nihil
163 3357 309 3430 omnino
332 3356 439 3456 quale
464 3360 508 3432 sit
528 3383 629 3456 posse
654 3355 845 3454 reperire.''
896 3359 1128 3456 Quamquam

59 3497 102 3546 ne
120 3474 202 3550 haec
225 3477 372 3576 quidem
393 3478 499 3576 plane
520 3477 734 3576 respondere
754 3477 924 3554 videntur
949 3478 1127 3576 Empedo-

59 3594 115 3666 clis
139 3579 348 3692 sententiam
375 3601 414 3670 in
438 3598 600 3674 versibus
628 3612 723 3672 certe
751 3600 845 3698 ejus,
872 3625 962 3698 quos
988 3601 1128 3698 antiqui

59 3711 120 3787 hac
138 3718 179 3791 de
199 3745 240 3792 re
258 3718 466 3819 proferunt,
491 3746 564 3794 non
586 3719 669 3792 dicit
693 3718 807 3791 nihil
829 3718 989 3819 cognosci
1012 3747 1126 3818 posse,

60 3835 114 3906 sed
130 3841 382 3916 universum
398 3842 547 3939 perspici
560 3865 659 3939 posse
671 3856 787 3940 negat,
798 3840 843 3914 de
855 3840 922 3914 hoc
933 3841 1125 3939 praedicat:

91 4001 227 4065 (didicero
245 4007 292 4066 Qu.
313 4007 388 4058 Acad.
409 4009 438 4072 1,
458 4023 496 4060 sa.
530 4005 569 4060 Cf.
585 4005 693 4076 Emped.
711 4021 759 4059 sss.
778 4005 894 4060 laudatos
911 4013 964 4057 not.
985 4023 1005 4058 s.

91 4087 127 4156 (5)
141 4093 233 4148 lhidcm
251 4097 296 4159 tv,
319 4094 342 4148 5.
919 4099 930 4116 '
