<?xml version="1.0" encoding="UTF-8"?>
<!DOCTYPE html PUBLIC "-//W3C//DTD XHTML 1.0 Transitional//EN"
    "http://www.w3.org/TR/xhtml1/DTD/xhtml1-transitional.dtd">
<html xmlns="http://www.w3.org/1999/xhtml" xml:lang="en" lang="en">
 <head>
  <title>
</title>
<meta http-equiv="Content-Type" content="text/html;charset=utf-8" />
  <meta name='ocr-system' content='tesseract 3.04.00' />
  <meta name='ocr-capabilities' content='ocr_page ocr_carea ocr_par ocr_line ocrx_word'/>
</head>
<body>
  <div class='ocr_page' id='page_1' title='image "./philosophorumgr00karsgoog_0451.png"; bbox 0 0 2768 4910; ppageno 0'>
   <div class='ocr_carea' id='block_1_1' title="bbox 264 387 998 450">
    <p class='ocr_par' dir='ltr' id='par_1_1' title="bbox 264 387 998 450">
     <span class='ocr_line' id='line_1_1' title="bbox 264 387 998 450; baseline -0.001 -3"><span class='ocrx_word' id='word_1_1' title='bbox 264 387 327 450; x_wconf 77' lang='lat' dir='ltr'>lto</span> <span class='ocrx_word' id='word_1_2' title='bbox 661 397 710 444; x_wconf 82' lang='lat' dir='ltr'>nn</span> <span class='ocrx_word' id='word_1_3' title='bbox 731 397 949 446; x_wconf 74' lang='lat' dir='ltr'>nurnnoonn</span> <span class='ocrx_word' id='word_1_4' title='bbox 994 424 998 430; x_wconf 90' lang='lat'><em>-</em></span> 
     </span>
    </p>
   </div>
   <div class='ocr_carea' id='block_1_2' title="bbox 265 564 1360 2487">
    <p class='ocr_par' dir='ltr' id='par_1_2' title="bbox 265 564 1358 1398">
     <span class='ocr_line' id='line_1_2' title="bbox 265 564 1311 662; baseline -0.004 -20"><span class='ocrx_word' id='word_1_5' title='bbox 265 570 356 657; x_wconf 82' lang='lat' dir='ltr'>vim,</span> <span class='ocrx_word' id='word_1_6' title='bbox 383 581 425 642; x_wconf 89' lang='lat' dir='ltr'>ut</span> <span class='ocrx_word' id='word_1_7' title='bbox 445 565 647 640; x_wconf 87' lang='lat' dir='ltr'>Aristoteles</span> <span class='ocrx_word' id='word_1_8' title='bbox 666 579 789 638; x_wconf 78' lang='lat' dir='ltr'>auctor</span> <span class='ocrx_word' id='word_1_9' title='bbox 811 580 879 656; x_wconf 81' lang='lat' dir='ltr'>est3</span> <span class='ocrx_word' id='word_1_10' title='bbox 901 564 985 637; x_wconf 92' lang='lat' dir='ltr'>hinc</span> <span class='ocrx_word' id='word_1_11' title='bbox 1020 591 1136 654; x_wconf 87' lang='lat' dir='ltr'>saxa,</span> <span class='ocrx_word' id='word_1_12' title='bbox 1167 566 1311 662; x_wconf 76' lang='lat' dir='ltr'>scopulos,</span> 
     </span>
     <span class='ocr_line' id='line_1_3' title="bbox 265 684 1309 788; baseline -0.006 -24"><span class='ocrx_word' id='word_1_13' title='bbox 265 689 414 788; x_wconf 87' lang='lat' dir='ltr'>lapides,</span> <span class='ocrx_word' id='word_1_14' title='bbox 430 684 534 788; x_wconf 83' lang='lat' dir='ltr'>credo</span> <span class='ocrx_word' id='word_1_15' title='bbox 548 686 654 760; x_wconf 87' lang='lat' dir='ltr'>etiam</span> <span class='ocrx_word' id='word_1_16' title='bbox 667 684 825 779; x_wconf 82' lang='lat' dir='ltr'>metalla,</span> <span class='ocrx_word' id='word_1_17' title='bbox 842 685 964 758; x_wconf 90' lang='lat' dir='ltr'>caloris</span> <span class='ocrx_word' id='word_1_18' title='bbox 977 685 1014 760; x_wconf 90' lang='lat' dir='ltr'>vi</span> <span class='ocrx_word' id='word_1_19' title='bbox 1027 686 1176 760; x_wconf 84' lang='lat' dir='ltr'>formata</span> <span class='ocrx_word' id='word_1_20' title='bbox 1187 709 1253 759; x_wconf 87' lang='lat' dir='ltr'>esse</span> <span class='ocrx_word' id='word_1_21' title='bbox 1263 692 1309 736; x_wconf 85' lang='lat'>¹⁵⁹</span> 
     </span>
     <span class='ocr_line' id='line_1_4' title="bbox 267 805 1312 904; baseline -0.007 -20"><span class='ocrx_word' id='word_1_22' title='bbox 267 825 305 885; x_wconf 90' lang='lat' dir='ltr'>et</span> <span class='ocrx_word' id='word_1_23' title='bbox 323 808 546 885; x_wconf 88' lang='lat' dir='ltr'>subterranei</span> <span class='ocrx_word' id='word_1_24' title='bbox 568 805 658 903; x_wconf 90' lang='lat' dir='ltr'>iguis</span> <span class='ocrx_word' id='word_1_25' title='bbox 678 819 779 879; x_wconf 88' lang='lat' dir='ltr'>aestu</span> <span class='ocrx_word' id='word_1_26' title='bbox 800 805 991 880; x_wconf 79' lang='lat' dir='ltr'>sustentari</span> <span class='ocrx_word' id='word_1_27' title='bbox 1011 807 1169 904; x_wconf 75' lang='lat' dir='ltr'>putavitz</span> <span class='ocrx_word' id='word_1_28' title='bbox 1192 813 1312 903; x_wconf 74' lang='grc' dir='ltr'>κρημνούς</span> 
     </span>
     <span class='ocr_line' id='line_1_5' title="bbox 268 923 1313 1026; baseline -0.007 -18"><span class='ocrx_word' id='word_1_29' title='bbox 268 933 328 1008; x_wconf 71' lang='grc' dir='ltr'>καὶ·</span> <span class='ocrx_word' id='word_1_30' title='bbox 347 930 532 1009; x_wconf 77' lang='grc' dir='ltr'><strong><em>σκοπέλους</em></strong></span> <span class='ocrx_word' id='word_1_31' title='bbox 554 929 611 1002; x_wconf 74' lang='grc' dir='ltr'>καὶ</span> <span class='ocrx_word' id='word_1_32' title='bbox 630 927 753 1025; x_wconf 76' lang='grc' dir='ltr'>πέτροις</span> <span class='ocrx_word' id='word_1_33' title='bbox 771 928 835 1002; x_wconf 74' lang='grc' dir='ltr'>ὑπὸ</span> <span class='ocrx_word' id='word_1_34' title='bbox 857 935 917 1001; x_wconf 80' lang='grc' dir='ltr'>τοῦ</span> <span class='ocrx_word' id='word_1_35' title='bbox 937 929 1036 1026; x_wconf 65' lang='grc' dir='ltr'><strong><em>πυρὸς</em></strong></span> <span class='ocrx_word' id='word_1_36' title='bbox 1053 935 1113 1002; x_wconf 78' lang='grc' dir='ltr'>τοῦ</span> <span class='ocrx_word' id='word_1_37' title='bbox 1130 923 1162 1002; x_wconf 75' lang='grc' dir='ltr'>ἓν</span> <span class='ocrx_word' id='word_1_38' title='bbox 1178 925 1313 1024; x_wconf 55' lang='lat' dir='ltr'>{literni</span> 
     </span>
     <span class='ocr_line' id='line_1_6' title="bbox 268 1046 1311 1156; baseline -0.005 -28"><span class='ocrx_word' id='word_1_39' title='bbox 268 1059 333 1156; x_wconf 74' lang='grc' dir='ltr'>γῆς</span> <span class='ocrx_word' id='word_1_40' title='bbox 348 1049 486 1130; x_wconf 71' lang='grc' dir='ltr'>ἑστάναι</span> <span class='ocrx_word' id='word_1_41' title='bbox 501 1051 558 1125; x_wconf 71' lang='grc' dir='ltr'>κο)</span> <span class='ocrx_word' id='word_1_42' title='bbox 570 1047 755 1150; x_wconf 75' lang='grc' dir='ltr'><strong><em>ἀνέχεσθαι</em></strong></span> <span class='ocrx_word' id='word_1_43' title='bbox 765 1046 982 1147; x_wconf 63' lang='grc' dir='ltr'>διερειδόμενον</span> <span class='ocrx_word' id='word_1_44' title='bbox 991 1051 1247 1149; x_wconf 69' lang='grc' dir='ltr'><em>φλεγμαίνοντος</em></span> <span class='ocrx_word' id='word_1_45' title='bbox 1258 1051 1311 1126; x_wconf 82' lang='lat'><strong>¹⁶⁰.</strong></span> 
     </span>
     <span class='ocr_line' id='line_1_7' title="bbox 270 1170 1358 1264; baseline -0.008 -14"><span class='ocrx_word' id='word_1_46' title='bbox 270 1177 409 1250; x_wconf 81' lang='lat' dir='ltr'>Pariter</span> <span class='ocrx_word' id='word_1_47' title='bbox 443 1187 481 1248; x_wconf 89' lang='lat' dir='ltr'>ct</span> <span class='ocrx_word' id='word_1_48' title='bbox 514 1171 576 1246; x_wconf 84' lang='lat' dir='ltr'>sal</span> <span class='ocrx_word' id='word_1_49' title='bbox 611 1171 692 1244; x_wconf 90' lang='lat' dir='ltr'>solis</span> <span class='ocrx_word' id='word_1_50' title='bbox 716 1170 840 1244; x_wconf 87' lang='lat' dir='ltr'>ardore</span> <span class='ocrx_word' id='word_1_51' title='bbox 864 1186 1089 1264; x_wconf 88' lang='lat' dir='ltr'>concretum,</span> <span class='ocrx_word' id='word_1_52' title='bbox 1117 1173 1214 1246; x_wconf 91' lang='lat' dir='ltr'>utin</span> <span class='ocrx_word' id='word_1_53' title='bbox 1235 1197 1312 1248; x_wconf 86' lang='lat' dir='ltr'>verso</span> <span class='ocrx_word' id='word_1_54' title='bbox 1357 1209 1358 1228; x_wconf 82' lang='lat'><strong>.</strong></span> 
     </span>
     <span class='ocr_line' id='line_1_8' title="bbox 271 1295 602 1398; baseline -0.012 -28"><span class='ocrx_word' id='word_1_55' title='bbox 271 1295 349 1398; x_wconf 87' lang='lat' dir='ltr'>ejus</span> <span class='ocrx_word' id='word_1_56' title='bbox 373 1295 502 1396; x_wconf 89' lang='lat' dir='ltr'>legitur</span> <span class='ocrx_word' id='word_1_57' title='bbox 523 1296 602 1366; x_wconf 81' lang='lat'><strong>¹⁶¹.</strong></span> 
     </span>
    </p>

    <p class='ocr_par' dir='ltr' id='par_1_3' title="bbox 269 1414 1360 2487">
     <span class='ocr_line' id='line_1_9' title="bbox 320 1414 1310 1516; baseline -0.002 -26"><span class='ocrx_word' id='word_1_58' title='bbox 320 1417 536 1516; x_wconf 82' lang='lat' dir='ltr'><strong>Magnetis</strong></span> <span class='ocrx_word' id='word_1_59' title='bbox 559 1428 680 1486; x_wconf 88' lang='lat' dir='ltr'>autem</span> <span class='ocrx_word' id='word_1_60' title='bbox 699 1415 838 1488; x_wconf 86' lang='lat' dir='ltr'>forrum</span> <span class='ocrx_word' id='word_1_61' title='bbox 862 1414 907 1488; x_wconf 88' lang='lat' dir='ltr'>ad</span> <span class='ocrx_word' id='word_1_62' title='bbox 933 1440 970 1488; x_wconf 89' lang='lat' dir='ltr'>se</span> <span class='ocrx_word' id='word_1_63' title='bbox 994 1415 1167 1490; x_wconf 89' lang='lat' dir='ltr'>trahentis</span> <span class='ocrx_word' id='word_1_64' title='bbox 1187 1417 1249 1488; x_wconf 85' lang='lat' dir='ltr'>rim</span> <span class='ocrx_word' id='word_1_65' title='bbox 1266 1442 1310 1490; x_wconf 83' lang='lat' dir='ltr'>er·</span> 
     </span>
     <span class='ocr_line' id='line_1_10' title="bbox 270 1533 1312 1637; baseline -0.004 -27"><span class='ocrx_word' id='word_1_66' title='bbox 270 1538 396 1637; x_wconf 87' lang='lat' dir='ltr'>plicuit</span> <span class='ocrx_word' id='word_1_67' title='bbox 419 1537 594 1610; x_wconf 84' lang='lat' dir='ltr'>eratione</span> <span class='ocrx_word' id='word_1_68' title='bbox 617 1560 805 1632; x_wconf 89' lang='lat' dir='ltr'>pororum,</span> <span class='ocrx_word' id='word_1_69' title='bbox 823 1533 957 1627; x_wconf 87' lang='lat' dir='ltr'>dicens,</span> <span class='ocrx_word' id='word_1_70' title='bbox 981 1535 1139 1635; x_wconf 90' lang='lat' dir='ltr'>eoquod</span> <span class='ocrx_word' id='word_1_71' title='bbox 1159 1537 1312 1634; x_wconf 88' lang='lat' dir='ltr'>utriusque</span> 
     </span>
     <span class='ocr_line' id='line_1_11' title="bbox 271 1655 1359 1756; baseline -0.006 -22"><span class='ocrx_word' id='word_1_72' title='bbox 271 1657 431 1756; x_wconf 60' lang='grc' dir='ltr'>ἀπορροαὶ</span> <span class='ocrx_word' id='word_1_73' title='bbox 450 1671 488 1730; x_wconf 86' lang='lat' dir='ltr'>et</span> <span class='ocrx_word' id='word_1_74' title='bbox 505 1656 597 1754; x_wconf 77' lang='grc' dir='ltr'>πόροι</span> <span class='ocrx_word' id='word_1_75' title='bbox 614 1658 708 1730; x_wconf 85' lang='lat' dir='ltr'>inter</span> <span class='ocrx_word' id='word_1_76' title='bbox 723 1683 761 1730; x_wconf 89' lang='lat' dir='ltr'>se</span> <span class='ocrx_word' id='word_1_77' title='bbox 778 1671 980 1754; x_wconf 83' lang='lat' dir='ltr'>congruant</span> <span class='ocrx_word' id='word_1_78' title='bbox 1001 1655 1108 1744; x_wconf 83' lang='lat' dir='ltr'>effici.</span> <span class='ocrx_word' id='word_1_79' title='bbox 1136 1673 1178 1732; x_wconf 91' lang='lat' dir='ltr'>ut</span> <span class='ocrx_word' id='word_1_80' title='bbox 1196 1683 1230 1732; x_wconf 84' lang='lat' dir='ltr'>se</span> <span class='ocrx_word' id='word_1_81' title='bbox 1248 1658 1311 1730; x_wconf 88' lang='lat' dir='ltr'>inri-</span> <span class='ocrx_word' id='word_1_82' title='bbox 1358 1739 1359 1752; x_wconf 14' lang='grc' dir='ltr'><strong><em>ρ</em></strong></span> 
     </span>
     <span class='ocr_line' id='line_1_12' title="bbox 270 1755 1359 1880; baseline -0.007 -26"><span class='ocrx_word' id='word_1_83' title='bbox 270 1807 350 1856; x_wconf 89' lang='lat' dir='ltr'>cem</span> <span class='ocrx_word' id='word_1_84' title='bbox 367 1793 547 1880; x_wconf 87' lang='lat' dir='ltr'>appetant.</span> <span class='ocrx_word' id='word_1_85' title='bbox 590 1780 718 1870; x_wconf 89' lang='lat' dir='ltr'>Quum</span> <span class='ocrx_word' id='word_1_86' title='bbox 734 1778 831 1850; x_wconf 85' lang='lat' dir='ltr'>enirn</span> <span class='ocrx_word' id='word_1_87' title='bbox 850 1780 1023 1878; x_wconf 84' lang='lat' dir='ltr'>magnetis</span> <span class='ocrx_word' id='word_1_88' title='bbox 1042 1778 1201 1878; x_wconf 69' lang='grc' dir='ltr'>ἂνοῤῥοο)</span> <span class='ocrx_word' id='word_1_89' title='bbox 1217 1781 1250 1852; x_wconf 90' lang='lat' dir='ltr'>in</span> <span class='ocrx_word' id='word_1_90' title='bbox 1263 1778 1311 1848; x_wconf 89' lang='lat' dir='ltr'>ser·</span> <span class='ocrx_word' id='word_1_91' title='bbox 1358 1755 1359 1766; x_wconf 10' lang='grc' dir='ltr'>ἵ</span> 
     </span>
     <span class='ocr_line' id='line_1_13' title="bbox 270 1899 1311 2000; baseline -0.007 -21"><span class='ocrx_word' id='word_1_92' title='bbox 270 1929 355 1979; x_wconf 90' lang='lat' dir='ltr'>rum</span> <span class='ocrx_word' id='word_1_93' title='bbox 369 1900 562 1975; x_wconf 90' lang='lat' dir='ltr'>influentes</span> <span class='ocrx_word' id='word_1_94' title='bbox 579 1910 701 1976; x_wconf 66' lang='lat' dir='ltr'>utrem</span> <span class='ocrx_word' id='word_1_95' title='bbox 720 1925 823 2000; x_wconf 90' lang='lat' dir='ltr'>poros</span> <span class='ocrx_word' id='word_1_96' title='bbox 842 1899 930 1974; x_wconf 85' lang='lat' dir='ltr'>ferri</span> <span class='ocrx_word' id='word_1_97' title='bbox 947 1899 1168 1976; x_wconf 87' lang='lat' dir='ltr'>obsidentem</span> <span class='ocrx_word' id='word_1_98' title='bbox 1184 1927 1311 1976; x_wconf 84' lang='lat' dir='ltr'>renove-</span> 
     </span>
     <span class='ocr_line' id='line_1_14' title="bbox 271 2021 1311 2122; baseline -0.006 -24"><span class='ocrx_word' id='word_1_99' title='bbox 271 2027 361 2118; x_wconf 29' lang='lat' dir='ltr'>rin&#39;t‚</span> <span class='ocrx_word' id='word_1_100' title='bbox 378 2038 459 2098; x_wconf 91' lang='lat' dir='ltr'>turn</span> <span class='ocrx_word' id='word_1_101' title='bbox 483 2023 623 2098; x_wconf 84' lang='lat' dir='ltr'>ferrum</span> <span class='ocrx_word' id='word_1_102' title='bbox 636 2024 796 2098; x_wconf 67' lang='lat' dir='ltr'>vvicissim</span> <span class='ocrx_word' id='word_1_103' title='bbox 820 2049 985 2122; x_wconf 88' lang='lat' dir='ltr'>magnam</span> <span class='ocrx_word' id='word_1_104' title='bbox 1006 2024 1172 2098; x_wconf 83' lang='lat' dir='ltr'>emittere</span> <span class='ocrx_word' id='word_1_105' title='bbox 1192 2021 1311 2098; x_wconf 84' lang='lat' dir='ltr'>effluxio·</span> 
     </span>
     <span class='ocr_line' id='line_1_15' title="bbox 271 2144 1312 2246; baseline -0.004 -29"><span class='ocrx_word' id='word_1_106' title='bbox 271 2171 370 2235; x_wconf 89' lang='lat' dir='ltr'>nem,</span> <span class='ocrx_word' id='word_1_107' title='bbox 392 2145 507 2245; x_wconf 64' lang='lat' dir='ltr'>eique</span> <span class='ocrx_word' id='word_1_108' title='bbox 526 2145 644 2242; x_wconf 91' lang='lat' dir='ltr'>ipsum</span> <span class='ocrx_word' id='word_1_109' title='bbox 662 2144 771 2218; x_wconf 89' lang='lat' dir='ltr'>simul</span> <span class='ocrx_word' id='word_1_110' title='bbox 785 2144 829 2217; x_wconf 86' lang='lat' dir='ltr'>ad</span> <span class='ocrx_word' id='word_1_111' title='bbox 843 2158 1044 2244; x_wconf 80' lang='lat' dir='ltr'>magnetem</span> <span class='ocrx_word' id='word_1_112' title='bbox 1061 2147 1140 2246; x_wconf 90' lang='lat' dir='ltr'>rapi</span> <span class='ocrx_word' id='word_1_113' title='bbox 1156 2147 1230 2216; x_wconf 70' lang='lat'>¹⁶².</span> <span class='ocrx_word' id='word_1_114' title='bbox 1257 2145 1312 2215; x_wconf 87' lang='lat' dir='ltr'>lluc</span> 
     </span>
     <span class='ocr_line' id='line_1_16' title="bbox 269 2264 1360 2367; baseline -0.009 -25"><span class='ocrx_word' id='word_1_115' title='bbox 269 2281 426 2366; x_wconf 83' lang='lat' dir='ltr'>spectare</span> <span class='ocrx_word' id='word_1_116' title='bbox 456 2266 611 2358; x_wconf 86' lang='lat' dir='ltr'>videtur,</span> <span class='ocrx_word' id='word_1_117' title='bbox 638 2265 736 2366; x_wconf 89' lang='lat' dir='ltr'>quod</span> <span class='ocrx_word' id='word_1_118' title='bbox 764 2265 902 2341; x_wconf 88' lang='lat' dir='ltr'>Psellus</span> <span class='ocrx_word' id='word_1_119' title='bbox 934 2264 1069 2338; x_wconf 86' lang='lat' dir='ltr'>scribit:</span> <span class='ocrx_word' id='word_1_120' title='bbox 1099 2264 1313 2367; x_wconf 88' lang='lat' dir='ltr'>Empedoclen</span> <span class='ocrx_word' id='word_1_121' title='bbox 1359 2295 1360 2332; x_wconf 77' lang='lat' dir='ltr'>t</span> 
     </span>
     <span class='ocr_line' id='line_1_17' title="bbox 270 2387 1313 2487; baseline -0.007 -23"><span class='ocrx_word' id='word_1_122' title='bbox 270 2391 326 2464; x_wconf 92' lang='lat' dir='ltr'>uti</span> <span class='ocrx_word' id='word_1_123' title='bbox 347 2402 384 2464; x_wconf 89' lang='lat' dir='ltr'>et</span> <span class='ocrx_word' id='word_1_124' title='bbox 406 2392 651 2486; x_wconf 84' lang='lat' dir='ltr'>Anaxagoram</span> <span class='ocrx_word' id='word_1_125' title='bbox 669 2401 708 2462; x_wconf 90' lang='lat' dir='ltr'>et</span> <span class='ocrx_word' id='word_1_126' title='bbox 724 2388 968 2463; x_wconf 84' lang='lat' dir='ltr'>Democritum</span> <span class='ocrx_word' id='word_1_127' title='bbox 990 2387 1035 2462; x_wconf 89' lang='lat' dir='ltr'>de</span> <span class='ocrx_word' id='word_1_128' title='bbox 1058 2387 1217 2487; x_wconf 87' lang='lat' dir='ltr'>lapidum</span> <span class='ocrx_word' id='word_1_129' title='bbox 1232 2389 1313 2466; x_wconf 84' lang='lat' dir='ltr'>virtu·</span> 
     </span>
    </p>
   </div>
   <div class='ocr_carea' id='block_1_3' title="bbox 223 2506 1361 2972">
    <p class='ocr_par' dir='ltr' id='par_1_4' title="bbox 269 2506 1314 2852">
     <span class='ocr_line' id='line_1_18' title="bbox 271 2506 1313 2608; baseline -0.007 -25"><span class='ocrx_word' id='word_1_130' title='bbox 271 2510 367 2584; x_wconf 86' lang='lat' dir='ltr'>tibus</span> <span class='ocrx_word' id='word_1_131' title='bbox 385 2534 586 2608; x_wconf 87' lang='lat' dir='ltr'>earumque</span> <span class='ocrx_word' id='word_1_132' title='bbox 602 2506 735 2581; x_wconf 88' lang='lat' dir='ltr'>caussis</span> <span class='ocrx_word' id='word_1_133' title='bbox 753 2510 956 2608; x_wconf 86' lang='lat' dir='ltr'>exposuisse</span> <span class='ocrx_word' id='word_1_134' title='bbox 974 2511 1053 2582; x_wconf 73' lang='lat'>1⁶³.</span> <span class='ocrx_word' id='word_1_135' title='bbox 1101 2511 1194 2585; x_wconf 82' lang='lat' dir='ltr'>Nam</span> <span class='ocrx_word' id='word_1_136' title='bbox 1209 2522 1313 2608; x_wconf 88' lang='lat' dir='ltr'>praeter</span> 
     </span>
     <span class='ocr_line' id='line_1_19' title="bbox 269 2627 1314 2733; baseline -0.005 -31"><span class='ocrx_word' id='word_1_137' title='bbox 269 2631 352 2724; x_wconf 85' lang='lat' dir='ltr'>ista,</span> <span class='ocrx_word' id='word_1_138' title='bbox 389 2654 484 2730; x_wconf 92' lang='lat' dir='ltr'>quae</span> <span class='ocrx_word' id='word_1_139' title='bbox 519 2628 642 2722; x_wconf 86' lang='lat' dir='ltr'>attuli,</span> <span class='ocrx_word' id='word_1_140' title='bbox 676 2627 766 2700; x_wconf 89' lang='lat' dir='ltr'>nihil</span> <span class='ocrx_word' id='word_1_141' title='bbox 799 2627 909 2728; x_wconf 81' lang='lat' dir='ltr'>hujus</span> <span class='ocrx_word' id='word_1_142' title='bbox 933 2633 1074 2728; x_wconf 88' lang='lat' dir='ltr'>generis</span> <span class='ocrx_word' id='word_1_143' title='bbox 1096 2632 1193 2733; x_wconf 91' lang='lat' dir='ltr'>apud</span> <span class='ocrx_word' id='word_1_144' title='bbox 1214 2645 1314 2710; x_wconf 85' lang='lat' dir='ltr'>veteres</span> 
     </span>
     <span class='ocr_line' id='line_1_20' title="bbox 271 2749 1361 2868; baseline -0.001 -45"><span class='ocrx_word' id='word_1_145' title='bbox 271 2764 501 2824; x_wconf 87' lang='lat' dir='ltr'>memoratur.</span> <span class='ocrx_word' id='word_1_146' title='bbox 551 2751 647 2825; x_wconf 87' lang='lat' dir='ltr'>Haec</span> <span class='ocrx_word' id='word_1_147' title='bbox 670 2751 716 2823; x_wconf 88' lang='lat' dir='ltr'>de</span> <span class='ocrx_word' id='word_1_148' title='bbox 741 2765 836 2824; x_wconf 84' lang='lat' dir='ltr'>terra</span> <span class='ocrx_word' id='word_1_149' title='bbox 860 2749 1044 2852; x_wconf 83' lang='lat' dir='ltr'>rebusque</span> <span class='ocrx_word' id='word_1_150' title='bbox 1060 2755 1223 2849; x_wconf 87' lang='lat' dir='ltr'>terrenis;</span> <span class='ocrx_word' id='word_1_151' title='bbox 1240 2773 1361 2868; x_wconf 87' lang='lat' dir='ltr'>porro</span> 
     </span>
    </p>

    <p class='ocr_par' dir='ltr' id='par_1_5' title="bbox 223 2869 1132 2972">
     <span class='ocr_line' id='line_1_21' title="bbox 223 2869 1132 2972; baseline 0.006 -29"><span class='ocrx_word' id='word_1_152' title='bbox 223 2884 227 2892; x_wconf 90' lang='grc'><strong>’</strong></span> <span class='ocrx_word' id='word_1_153' title='bbox 274 2871 319 2945; x_wconf 89' lang='lat' dir='ltr'>de</span> <span class='ocrx_word' id='word_1_154' title='bbox 344 2873 450 2946; x_wconf 90' lang='lat' dir='ltr'>variis</span> <span class='ocrx_word' id='word_1_155' title='bbox 474 2869 702 2946; x_wconf 88' lang='lat' dir='ltr'>animantum</span> <span class='ocrx_word' id='word_1_156' title='bbox 723 2869 916 2972; x_wconf 88' lang='lat' dir='ltr'>generibus</span> <span class='ocrx_word' id='word_1_157' title='bbox 938 2873 1132 2970; x_wconf 88' lang='lat' dir='ltr'>agendum.</span> 
     </span>
    </p>
   </div>
   <div class='ocr_carea' id='block_1_4' title="bbox 273 3055 1317 3320">
    <p class='ocr_par' dir='ltr' id='par_1_6' title="bbox 273 3055 1317 3320">
     <span class='ocr_line' id='line_1_22' title="bbox 305 3055 1315 3130; baseline 0.011 -25"><span class='ocrx_word' id='word_1_158' title='bbox 305 3055 378 3123; x_wconf 71' lang='lat'>(159)</span> <span class='ocrx_word' id='word_1_159' title='bbox 399 3056 501 3110; x_wconf 77' lang='lat' dir='ltr'>Aristot.</span> <span class='ocrx_word' id='word_1_160' title='bbox 521 3055 608 3108; x_wconf 88' lang='lat' dir='ltr'>Probl.</span> <span class='ocrx_word' id='word_1_161' title='bbox 630 3057 725 3119; x_wconf 82' lang='lat' dir='ltr'>XXIV,</span> <span class='ocrx_word' id='word_1_162' title='bbox 747 3075 782 3110; x_wconf 84' lang='lat' dir='ltr'>tr.</span> <span class='ocrx_word' id='word_1_163' title='bbox 802 3077 828 3128; x_wconf 89' lang='lat' dir='ltr'>p.</span> <span class='ocrx_word' id='word_1_164' title='bbox 852 3061 901 3125; x_wconf 88' lang='lat'>607</span> <span class='ocrx_word' id='word_1_165' title='bbox 921 3065 955 3114; x_wconf 88' lang='lat' dir='ltr'>C:</span> <span class='ocrx_word' id='word_1_166' title='bbox 972 3063 1074 3115; x_wconf 62' lang='lat' dir='ltr'>Ate&#39;</span> <span class='ocrx_word' id='word_1_167' title='bbox 1044 3086 1074 3116; x_wconf 76' lang='lat' dir='ltr'>er</span> <span class='ocrx_word' id='word_1_168' title='bbox 1094 3065 1150 3119; x_wconf 77' lang='grc' dir='ltr'>ὑπὸ</span> <span class='ocrx_word' id='word_1_169' title='bbox 1169 3069 1220 3119; x_wconf 83' lang='grc' dir='ltr'>τῶν</span> <span class='ocrx_word' id='word_1_170' title='bbox 1233 3061 1315 3130; x_wconf 63' lang='grc' dir='ltr'><strong><em>θερμῶν</em></strong></span> 
     </span>
     <span class='ocr_line' id='line_1_23' title="bbox 275 3145 1317 3230; baseline 0.005 -33"><span class='ocrx_word' id='word_1_171' title='bbox 275 3145 386 3198; x_wconf 71' lang='grc' dir='ltr'><strong><em>ὑδάτων</em></strong></span> <span class='ocrx_word' id='word_1_172' title='bbox 397 3147 503 3211; x_wconf 83' lang='grc' dir='ltr'><strong><em>μᾶλλον</em></strong></span> <span class='ocrx_word' id='word_1_173' title='bbox 519 3151 536 3216; x_wconf 75' lang='grc' dir='ltr'><strong><em>ἢ</em></strong></span> <span class='ocrx_word' id='word_1_174' title='bbox 555 3147 609 3200; x_wconf 80' lang='grc' dir='ltr'>ὑπὸ</span> <span class='ocrx_word' id='word_1_175' title='bbox 627 3148 681 3198; x_wconf 85' lang='grc' dir='ltr'>τῶν</span> <span class='ocrx_word' id='word_1_176' title='bbox 698 3154 813 3219; x_wconf 80' lang='grc' dir='ltr'><strong><em>ψυχρῶν</em></strong></span> <span class='ocrx_word' id='word_1_177' title='bbox 829 3157 986 3220; x_wconf 70' lang='grc' dir='ltr'><strong><em>πήγνυνται</em></strong></span> <span class='ocrx_word' id='word_1_178' title='bbox 1003 3158 1095 3218; x_wconf 63' lang='lat' dir='ltr'>ttooo</span> <span class='ocrx_word' id='word_1_179' title='bbox 1111 3161 1233 3230; x_wconf 75' lang='grc' dir='ltr'>πότερον,</span> <span class='ocrx_word' id='word_1_180' title='bbox 1249 3159 1282 3208; x_wconf 72' lang='grc' dir='ltr'>ὅτι</span> <span class='ocrx_word' id='word_1_181' title='bbox 1294 3158 1317 3220; x_wconf 72' lang='grc' dir='ltr'>τῇ</span> 
     </span>
     <span class='ocr_line' id='line_1_24' title="bbox 273 3239 1316 3320; baseline 0.003 -28"><span class='ocrx_word' id='word_1_182' title='bbox 273 3243 323 3292; x_wconf 80' lang='grc' dir='ltr'>τοῦ</span> <span class='ocrx_word' id='word_1_183' title='bbox 347 3239 432 3309; x_wconf 73' lang='grc' dir='ltr'>ὑγροῦ</span> <span class='ocrx_word' id='word_1_184' title='bbox 453 3241 576 3301; x_wconf 75' lang='grc' dir='ltr'>ἐκλείψει</span> <span class='ocrx_word' id='word_1_185' title='bbox 595 3241 707 3306; x_wconf 63' lang='grc' dir='ltr'>γίνεται</span> <span class='ocrx_word' id='word_1_186' title='bbox 727 3243 809 3302; x_wconf 73' lang='grc' dir='ltr'><strong><em>λίθος</em></strong></span> <span class='ocrx_word' id='word_1_187' title='bbox 830 3278 838 3293; x_wconf 87' lang='lat'><strong>.</strong></span> <span class='ocrx_word' id='word_1_188' title='bbox 856 3279 867 3296; x_wconf 84' lang='grc'><strong>.</strong></span> <span class='ocrx_word' id='word_1_189' title='bbox 885 3282 892 3298; x_wconf 90' lang='grc'><strong>.</strong></span> <span class='ocrx_word' id='word_1_190' title='bbox 912 3252 959 3299; x_wconf 76' lang='lat' dir='ltr'>nul</span> <span class='ocrx_word' id='word_1_191' title='bbox 981 3251 1172 3306; x_wconf 76' lang='grc' dir='ltr'><strong><em>ἀπολοθοῦταο</em></strong></span> <span class='ocrx_word' id='word_1_192' title='bbox 1194 3255 1227 3320; x_wconf 80' lang='grc' dir='ltr'>δὴ</span> <span class='ocrx_word' id='word_1_193' title='bbox 1245 3248 1316 3302; x_wconf 75' lang='grc' dir='ltr'><strong><em>διὰτὸ</em></strong></span> 
     </span>
    </p>
   </div>
   <div class='ocr_carea' id='block_1_5' title="bbox 275 3331 1316 3499">
    <p class='ocr_par' dir='ltr' id='par_1_7' title="bbox 275 3331 1316 3499">
     <span class='ocr_line' id='line_1_25' title="bbox 275 3331 1316 3416; baseline 0.008 -30"><span class='ocrx_word' id='word_1_194' title='bbox 275 3335 544 3403; x_wconf 59' lang='lat' dir='ltr'>&amp;opportunitatum</span> <span class='ocrx_word' id='word_1_195' title='bbox 557 3336 605 3385; x_wconf 75' lang='grc' dir='ltr'>καὶ</span> <span class='ocrx_word' id='word_1_196' title='bbox 594 3331 812 3406; x_wconf 70' lang='grc' dir='ltr'><strong><em>Ἐμπεδοκλῆς</em></strong></span> <span class='ocrx_word' id='word_1_197' title='bbox 824 3344 890 3409; x_wconf 64' lang='grc' dir='ltr'>φησὶ</span> <span class='ocrx_word' id='word_1_198' title='bbox 904 3347 954 3403; x_wconf 80' lang='grc' dir='ltr'>τάς</span> <span class='ocrx_word' id='word_1_199' title='bbox 966 3365 999 3398; x_wconf 74' lang='grc' dir='ltr'>τε</span> <span class='ocrx_word' id='word_1_200' title='bbox 1009 3349 1116 3416; x_wconf 79' lang='grc' dir='ltr'><strong><em>πέτρας</em></strong></span> <span class='ocrx_word' id='word_1_201' title='bbox 1126 3351 1172 3400; x_wconf 75' lang='grc' dir='ltr'>ναὶ</span> <span class='ocrx_word' id='word_1_202' title='bbox 1182 3347 1238 3404; x_wconf 71' lang='grc' dir='ltr'><strong><em>τοὺς</em></strong></span> <span class='ocrx_word' id='word_1_203' title='bbox 1246 3344 1316 3394; x_wconf 71' lang='lat' dir='ltr'>llloot</span> 
     </span>
     <span class='ocr_line' id='line_1_26' title="bbox 276 3426 845 3499; baseline 0.013 -22"><span class='ocrx_word' id='word_1_204' title='bbox 276 3431 323 3478; x_wconf 74' lang='grc' dir='ltr'>καὶ</span> <span class='ocrx_word' id='word_1_205' title='bbox 342 3432 378 3482; x_wconf 84' lang='grc' dir='ltr'>τὰ</span> <span class='ocrx_word' id='word_1_206' title='bbox 392 3432 487 3499; x_wconf 74' lang='grc' dir='ltr'><strong><em>θερμὰ</em></strong></span> <span class='ocrx_word' id='word_1_207' title='bbox 505 3430 560 3480; x_wconf 82' lang='grc' dir='ltr'>τῶν</span> <span class='ocrx_word' id='word_1_208' title='bbox 576 3426 687 3481; x_wconf 73' lang='grc' dir='ltr'><strong><em>ὑδάτων</em></strong></span> <span class='ocrx_word' id='word_1_209' title='bbox 702 3436 845 3498; x_wconf 68' lang='grc' dir='ltr'>γίνεσθαι</span> 
     </span>
    </p>
   </div>
   <div class='ocr_carea' id='block_1_6' title="bbox 294 3518 1156 3678">
    <p class='ocr_par' dir='ltr' id='par_1_8' title="bbox 307 3518 1156 3678">
     <span class='ocr_line' id='line_1_27' title="bbox 307 3518 1156 3604; baseline 0.023 -37"><span class='ocrx_word' id='word_1_210' title='bbox 307 3519 381 3586; x_wconf 80' lang='grc'>(160)</span> <span class='ocrx_word' id='word_1_211' title='bbox 397 3518 530 3572; x_wconf 87' lang='lat' dir='ltr'>Plutarch.</span> <span class='ocrx_word' id='word_1_212' title='bbox 549 3520 582 3573; x_wconf 86' lang='lat' dir='ltr'>de</span> <span class='ocrx_word' id='word_1_213' title='bbox 600 3520 688 3574; x_wconf 86' lang='lat' dir='ltr'>Primo</span> <span class='ocrx_word' id='word_1_214' title='bbox 707 3523 763 3590; x_wconf 80' lang='lat' dir='ltr'>frig.</span> <span class='ocrx_word' id='word_1_215' title='bbox 784 3541 810 3594; x_wconf 89' lang='lat' dir='ltr'>p.</span> <span class='ocrx_word' id='word_1_216' title='bbox 829 3525 886 3594; x_wconf 81' lang='lat'>95²·</span> <span class='ocrx_word' id='word_1_217' title='bbox 904 3529 961 3581; x_wconf 84' lang='lat' dir='ltr'>Vol.</span> <span class='ocrx_word' id='word_1_218' title='bbox 980 3532 1034 3592; x_wconf 85' lang='lat' dir='ltr'>IX,</span> <span class='ocrx_word' id='word_1_219' title='bbox 1056 3551 1082 3604; x_wconf 94' lang='lat' dir='ltr'><strong>p</strong></span> <span class='ocrx_word' id='word_1_220' title='bbox 1102 3531 1156 3598; x_wconf 81' lang='grc'>755.</span> 
     </span>
     <span class='ocr_line' id='line_1_28' title="bbox 294 3608 643 3678; baseline -0.006 -15.921"><span class='ocrx_word' id='word_1_221' title='bbox 294 3609 382 3676; x_wconf 87' lang='grc'>(161)</span> <span class='ocrx_word' id='word_1_222' title='bbox 399 3609 506 3678; x_wconf 88' lang='lat' dir='ltr'>Emped</span> <span class='ocrx_word' id='word_1_223' title='bbox 530 3627 566 3662; x_wconf 85' lang='lat' dir='ltr'>vs.</span> <span class='ocrx_word' id='word_1_224' title='bbox 587 3608 643 3660; x_wconf 74' lang='lat'><strong>206.</strong></span> 
     </span>
    </p>
   </div>
   <div class='ocr_carea' id='block_1_7' title="bbox 308 3696 1316 3782">
    <p class='ocr_par' dir='ltr' id='par_1_9' title="bbox 308 3696 1316 3782">
     <span class='ocr_line' id='line_1_29' title="bbox 308 3696 1316 3782; baseline 0.023 -35"><span class='ocrx_word' id='word_1_225' title='bbox 308 3697 380 3764; x_wconf 75' lang='lat'>(162)</span> <span class='ocrx_word' id='word_1_226' title='bbox 398 3698 466 3750; x_wconf 74' lang='lat' dir='ltr'>Alex.</span> <span class='ocrx_word' id='word_1_227' title='bbox 481 3696 594 3768; x_wconf 78' lang='lat' dir='ltr'>Aphrod.</span> <span class='ocrx_word' id='word_1_228' title='bbox 605 3701 721 3762; x_wconf 83' lang='lat' dir='ltr'>Quaestt.</span> <span class='ocrx_word' id='word_1_229' title='bbox 739 3711 792 3756; x_wconf 82' lang='lat' dir='ltr'>nat.</span> <span class='ocrx_word' id='word_1_230' title='bbox 805 3705 848 3768; x_wconf 90' lang='lat'>11,</span> <span class='ocrx_word' id='word_1_231' title='bbox 870 3709 909 3760; x_wconf 78' lang='lat'>23.</span> <span class='ocrx_word' id='word_1_232' title='bbox 945 3709 1027 3764; x_wconf 75' lang='lat' dir='ltr'>Aliter</span> <span class='ocrx_word' id='word_1_233' title='bbox 1043 3712 1165 3782; x_wconf 77' lang='lat' dir='ltr'>explicuit</span> <span class='ocrx_word' id='word_1_234' title='bbox 1174 3708 1254 3762; x_wconf 77' lang='lat' dir='ltr'>Thales</span> <span class='ocrx_word' id='word_1_235' title='bbox 1269 3696 1316 3769; x_wconf 69' lang='lat' dir='ltr'>,pud</span> 
     </span>
    </p>
   </div>
   <div class='ocr_carea' id='block_1_8' title="bbox 277 3785 1316 3940">
    <p class='ocr_par' dir='ltr' id='par_1_10' title="bbox 277 3785 1316 3940">
     <span class='ocr_line' id='line_1_30' title="bbox 277 3785 1316 3927; baseline 0.026 -93"><span class='ocrx_word' id='word_1_236' title='bbox 277 3785 389 3925; x_wconf 59' lang='lat' dir='ltr'>{ilprplip</span> <span class='ocrx_word' id='word_1_237' title='bbox 398 3787 526 3927; x_wconf 52' lang='lat' dir='ltr'>debannirn.</span> <span class='ocrx_word' id='word_1_238' title='bbox 539 3788 559 3844; x_wconf 89' lang='lat' dir='ltr'>s.</span> <span class='ocrx_word' id='word_1_239' title='bbox 574 3793 589 3842; x_wconf 89' lang='lat'>8</span> <span class='ocrx_word' id='word_1_240' title='bbox 604 3796 632 3842; x_wconf 76' lang='lat' dir='ltr'>t.</span> <span class='ocrx_word' id='word_1_241' title='bbox 657 3793 695 3843; x_wconf 88' lang='lat' dir='ltr'>De</span> <span class='ocrx_word' id='word_1_242' title='bbox 707 3793 798 3848; x_wconf 86' lang='lat' dir='ltr'>eodem</span> <span class='ocrx_word' id='word_1_243' title='bbox 811 3800 938 3867; x_wconf 82' lang='lat' dir='ltr'>quaesivit</span> <span class='ocrx_word' id='word_1_244' title='bbox 950 3800 1037 3854; x_wconf 86' lang='lat' dir='ltr'>Strato</span> <span class='ocrx_word' id='word_1_245' title='bbox 1048 3804 1147 3872; x_wconf 81' lang='lat' dir='ltr'>Lampo.</span> <span class='ocrx_word' id='word_1_246' title='bbox 1158 3799 1223 3870; x_wconf 86' lang='lat' dir='ltr'>apud</span> <span class='ocrx_word' id='word_1_247' title='bbox 1232 3789 1316 3860; x_wconf 61' lang='lat' dir='ltr'>Simlll·</span> 
     </span>
     <span class='ocr_line' id='line_1_31' title="bbox 313 3879 500 3940; baseline 0.027 -17"><span class='ocrx_word' id='word_1_248' title='bbox 313 3891 349 3940; x_wconf 87' lang='lat' dir='ltr'>yo.</span> <span class='ocrx_word' id='word_1_249' title='bbox 379 3913 385 3926; x_wconf 96' lang='lat'><strong>.</strong></span> <span class='ocrx_word' id='word_1_250' title='bbox 410 3893 416 3925; x_wconf 95' lang='grc'>1</span> <span class='ocrx_word' id='word_1_251' title='bbox 473 3879 500 3928; x_wconf 82' lang='grc' dir='ltr'>Α.</span> 
     </span>
    </p>
   </div>
   <div class='ocr_carea' id='block_1_9' title="bbox 309 3963 1205 4049">
    <p class='ocr_par' dir='ltr' id='par_1_11' title="bbox 309 3963 1205 4049">
     <span class='ocr_line' id='line_1_32' title="bbox 309 3963 1205 4049; baseline 0.018 -35"><span class='ocrx_word' id='word_1_252' title='bbox 309 3963 382 4032; x_wconf 82' lang='grc'>(163)</span> <span class='ocrx_word' id='word_1_253' title='bbox 396 3966 492 4019; x_wconf 79' lang='lat' dir='ltr'>Paellus</span> <span class='ocrx_word' id='word_1_254' title='bbox 511 3968 543 4022; x_wconf 86' lang='lat' dir='ltr'>do</span> <span class='ocrx_word' id='word_1_255' title='bbox 562 3970 622 4041; x_wconf 85' lang='lat' dir='ltr'>Lap.</span> <span class='ocrx_word' id='word_1_256' title='bbox 642 3972 701 4025; x_wconf 79' lang='lat' dir='ltr'>virt.</span> <span class='ocrx_word' id='word_1_257' title='bbox 721 3991 747 4041; x_wconf 90' lang='lat' dir='ltr'>p.</span> <span class='ocrx_word' id='word_1_258' title='bbox 767 3973 807 4026; x_wconf 85' lang='grc'>38.</span> <span class='ocrx_word' id='word_1_259' title='bbox 827 3977 860 4030; x_wconf 87' lang='lat' dir='ltr'>cl.</span> <span class='ocrx_word' id='word_1_260' title='bbox 879 3976 962 4030; x_wconf 79' lang='lat' dir='ltr'>Stura.</span> <span class='ocrx_word' id='word_1_261' title='bbox 980 3980 1086 4049; x_wconf 87' lang='lat' dir='ltr'>Emped.</span> <span class='ocrx_word' id='word_1_262' title='bbox 1109 3999 1132 4049; x_wconf 89' lang='lat' dir='ltr'>p.</span> <span class='ocrx_word' id='word_1_263' title='bbox 1154 3979 1205 4040; x_wconf 70' lang='grc'>341.</span> 
     </span>
    </p>
   </div>
   <div class='ocr_carea' id='block_1_10' title="bbox 0 0 1403 4910">
    <p class='ocr_par' dir='ltr' id='par_1_12' title="bbox 0 0 1403 4910">
     <span class='ocr_line' id='line_1_33' title="bbox 0 0 1403 4910; baseline 0 0"><span class='ocrx_word' id='word_1_264' title='bbox 0 0 1403 4910; x_wconf 95' lang='lat' dir='ltr'> </span> 
     </span>
    </p>
   </div>
  </div>
 </body>
</html>
