2768 4910
500 447 737 498 rumosorfflt.
1100 433 1159 494 421

75 611 280 686 Aristoteles
295 617 347 682 ⁸⁴:
376 609 432 688 tat
452 614 509 705 τὴν
534 613 653 705 δίνησιν
675 616 832 697 θάττονα
851 610 1078 716 τυγχάνοντα
1098 617 1164 710 φο-

74 736 136 828 ρᾶς
176 738 234 823 τῆς
265 735 380 815 οἰκείας
408 735 528 830 iouis,
557 739 606 813 ἔτι
641 737 802 836 οιῖιζεοθαι
835 746 993 813 τοσοῦτον
1025 737 1165 838 χρόνον,

73 855 225 955 καθάπερ
245 856 472 953 Ἐμπεδοκλῆς
490 862 599 954 Φητίν.
618 865 644 935 i.
665 887 697 936 e.
715 859 836 962 »quod
857 860 985 934 mundi
1003 861 1162 932 circum-

72 980 165 1052 actio
190 979 302 1084 ipsius
323 995 459 1056 nutum
487 983 666 1058 eeleritate
685 996 848 1083 superet,
869 1007 915 1057 eo
934 1005 1000 1080 per
1018 995 1163 1054 tantum

71 1114 221 1200 tempus
248 1101 455 1178 incolumen
483 1103 651 1193 servari.”
700 1102 801 1178 Idem
825 1101 884 1176 elii
912 1116 1090 1177 testantur
1104 1105 1160 1174 ⁸⁵.

71 1223 180 1315 Quae
199 1223 379 1298 sententia
394 1224 527 1299 indicat
546 1225 800 1324 Empedoclem
820 1225 892 1322 jem
907 1225 1072 1314 sensisse,
1088 1223 1162 1299 vim
1246 1221 1253 1230 ‘

72 1346 310 1444 centripetam
332 1347 376 1420 ad
400 1347 530 1422 mundi
551 1349 855 1460 conservationem
879 1347 1079 1446 plurimum
1101 1371 1161 1421 va·
1256 1432 1261 1442 .

70 1468 160 1540 lere.
212 1467 404 1542 Caeterum
437 1467 801 1566 animadvertendum
817 1464 929 1572 'quod
958 1466 1162 1541 Aristoteles

70 1588 176 1678 dicit,
204 1591 435 1666 ἐ’τιτοτοῦτον
458 1591 595 1691 χρόνον,
613 1617 689 1686 per
715 1602 858 1662 tantum
880 1590 1053 1684 temporis
1073 1615 1162 1684 spa-

69 1711 165 1781 tium
196 1713 346 1805 servari,
372 1738 447 1784 non
472 1739 623 1810 semper.
672 1714 730 1784 Ex
755 1709 980 1808 Empedoclis
1000 1711 1098 1784 enim
1120 1725 1163 1783 ut

69 1845 104 1903 et
131 1829 284 1907 aliorum
308 1833 477 1932 opinione
507 1848 625 1907 motus
654 1832 713 1906 ille
746 1857 819 1905 non
855 1845 908 1906 est
942 1832 1160 1906 necessarius

68 1978 109 2024 ac
139 1953 396 2050 sempiternus,
426 1978 555 2028 verum
575 1953 665 2026 nihil
687 1951 801 2034 obstat
828 1954 1025 2052 quominus
1048 1966 1160 2025 cesset

68 2072 265 2172 aliquando
285 2099 401 2173 eoque
421 2088 578 2148 cessante
598 2071 760 2148 mundus
775 2074 835 2146 hic
856 2071 1050 2148 collabatur
1065 2071 1163 2170 quod

68 2195 243 2295 placitum
275 2195 388 2294 tangit
408 2193 543 2268 alieubi
567 2195 770 2268 Aristoteles
791 2195 930 2268 dicens:
961 2198 998 2267 οὐ
1019 2193 1164 2290 φοβερὸν

68 2318 115 2412 μή
146 2344 232 2392 τοτε
259 2318 293 2416 (ὁ
317 2317 455 2416 οὐρανὸς)
488 2319 577 2414 στῇ,
610 2318 627 2392 d
654 2317 844 2412 φοβοῦνται
874 2317 905 2392 ον’
926 2318 998 2413 περ)
1020 2321 1162 2412 φύσεως.

67 2439 206 2542 quibus
231 2437 350 2512 verbis
381 2437 633 2538 Empedoclem
661 2439 870 2536 praesertim
894 2435 1061 2538 intelligi,
1091 2438 1163 2537 jem

69 2577 177 2636 vetus
203 2563 378 2658 interpres
402 2557 653 2635 animadvertit
672 2559 728 2631 ⁸⁶.

100 2856 160 2920 (84)
180 2855 286 2905 Ατίοίοῑ.
304 2853 337 2904 de
357 2854 427 2906 Coei.
453 2856 492 2914 11,
517 2869 537 2903 ι.
555 2870 582 2922 p.
599 2851 648 2915 stt
667 2855 696 2903 t.

100 2943 161 3011 (85)
178 2943 305 2994 Placitum
329 2943 362 2994 de
391 2953 463 2996 terra
485 2943 591 2996 brevius
614 2944 718 2995 tristor.
745 2940 778 2994 de
800 2943 868 2996 Coei.
892 2945 947 3006 ΠΙ,
972 2959 999 3004 a,
1023 2961 1048 3012 p.
1069 2944 1118 3006 370
1141 2945 1161 2996 1³

69 3037 104 3086 sic
125 3035 222 3086 refert:
253 3039 304 3102 τὴν
321 3040 373 3102 γῆν
395 3035 450 3086 ὑπὸ
466 3042 514 3104 τῆς
536 3036 615 3104 δίνης
628 3040 752 3106 ἠρεμεῖν.
789 3036 862 3086 Idem
879 3033 961 3100 tangit
978 3032 1052 3084 Plato
1067 3031 1163 3084 Phaed-

71 3144 94 3192 p.
116 3143 152 3194 99
170 3127 201 3178 B:
221 3126 234 3176 ὅ
255 3131 306 3192 μέν
328 3147 370 3186 τις
392 3129 474 3197 δι’νην
492 3132 655 3197 περιτιθεὶς
676 3141 712 3198 τῇ
731 3136 767 3197 γῇ
787 3125 843 3179 ὑπὸ
860 3127 910 3176 τοῦ
932 3109 1051 3194 adprecor]
1068 3125 1162 3188 μένειν

72 3220 108 3286 δὴ
133 3226 282 3288 ποιεῖτὴν
305 3228 366 3289 γῆν.
401 3219 452 3273 Ubi
471 3221 652 3290 Empedoclem
674 3219 811 3287 siguificari
833 3198 1006 3284 monuit'jsm
1028 3215 1160 3282 Wyttenb.

71 3314 166 3362 Annot.
188 3312 215 3362 in
234 3310 329 3364 Phaet
351 3328 377 3380 p.
400 3311 462 3374 2613
480 3307 607 3361 memoret
624 3309 693 3362 idem
708 3308 828 3362 Themist.
843 3307 876 3359 de
894 3306 973 3358 Coelo
990 3308 1035 3368 11,
1053 3306 1069 3356 l.
1088 3303 1121 3356 35
1134 3307 1159 3354 Β.

68 3403 217 3470 Utrumque
245 3402 340 3453 diserte
365 3402 448 3467 tangit
475 3398 587 3468 Simplic.
612 3399 645 3451 de
672 3398 750 3452 Coelo
767 3400 794 3449 ll
811 3397 829 3448 f.
847 3414 890 3468 9¹·
906 3397 933 3446 in
951 3395 1036 3448 Schol.
1054 3396 1158 3446 Aristot.

67 3509 93 3559 p.
111 3492 161 3558 49¹
182 3491 213 3554 b,
232 3489 296 3544 baec
312 3492 415 3544 diceus:
435 3494 483 3543 διὰ
499 3496 551 3559 τὴν
568 3502 690 3559 ταχεῖαν
705 3495 756 3543 τοῦ
771 3493 906 3558 αἰθερίου
916 3486 1040 3553 σώματος
1051 3487 1158 3556 δίνησιν

68 3583 275 3652 ἐλαττουμένης
291 3590 340 3654 τῆς
356 3586 428 3636 κατὰ
444 3588 496 3652 τὴν
512 3585 620 3636 οἰκείαν
637 3585 725 3653 ῥοπὴν
738 3592 860 3653 βαρεῖαν
876 3568 958 3634 οὖσαν
972 3585 1056 3650 φορᾶς
1070 3582 1157 3632 αὐτοῦ

71 3695 100 3728 τι
121 3679 242 3747 οἰιρανοῦ
260 3682 308 3731 καὶ
325 3685 374 3747 τῆς
392 3685 456 3746 γῆς,
474 3679 493 3744 ἥ
511 3697 544 3730 τι
562 3683 613 3730 τοῦ
629 3679 747 3748 οὐρανοῦ
762 3677 851 3746 κύκλῳ
863 3680 967 3743 αι’νησνς
979 3673 1071 3734 ἀΐδιος
1082 3677 1158 3738 μένει

68 3773 116 3822 sul
134 3774 153 3837 ἡ
172 3778 222 3839 τῆς
238 3776 287 3841 γῆς
304 3775 333 3826 ἓν
351 3774 390 3844 τῷ
409 3774 481 3840 μέσην
498 3773 607 3838 στάσις,
630 3771 664 3830 ὥς
681 3768 878 3838 Ἐμπεδοκλῆς
898 3788 931 3822 τε
953 3769 1045 3821 ἰδόντι
1067 3768 1158 3835 λέγειν

69 3867 116 3916 eui
140 3857 334 3935 Ἀναξαγόρας
354 3867 402 3916 καὶ
421 3863 604 3933 Δημόκριτος.
640 3863 678 3916 Cf.
696 3863 808 3916 eundem
824 3861 920 3914 ibid-l.
946 3857 1157 3924 radll‚128l3;

67 3954 156 4017 Schol.
176 3957 283 4009 Aristot.
302 3975 329 4026 p.
352 3955 401 4009 506
420 3975 444 4008 e.

100 4045 161 4113 (86),
176 4047 280 4099 Aristot.
297 4047 414 4117 Metapa.
428 4047 509 4110 v111,
532 4049 554 4100 e.
573 4064 597 4116 p.
617 4061 663 4112 7¹7
679 4047 705 4098 tt.
738 4044 895 4100 Personatue
909 4041 1053 4098 Alexander
1065 4041 1090 4094 in
1104 4040 1127 4092 h.
1141 4040 1157 4092 t.

69 4134 93 4184 in
107 4133 191 4188 schol.
217 4135 319 4190 Aristot.
340 4155 364 4207 p.
391 4139 438 4203 784
458 4154 481 4189 o.
