2768 4910
248 399 313 464 396
640 411 688 460 ns
711 409 926 460 suannocms

250 581 393 676 ὁμοίου
425 576 623 674 {diesim
648 579 701 654 ¹⁶.
751 578 795 650 In
818 577 872 652 his
892 574 1078 650 manifesto
1103 574 1306 675 Empedoclis

248 702 423 795 sententia
454 702 648 800 opponitur
678 699 869 774 Heraclito:
901 694 1204 800 quemadmodum
1221 695 1305 770 hunc

248 847 313 922 per
336 821 607 920 discrepantiam
628 837 664 896 et
685 821 967 914 contentionem,
987 818 1036 894 sic
1061 817 1165 894 illum
1186 843 1247 918 per
1265 818 1306 889 si·
1375 863 1376 866 =

248 943 389 1017 milium
426 944 691 1017 consensionem
726 956 762 1015 et
803 942 992 1015 amicitiam
1028 941 1200 1043 pleraque
1233 938 1306 1014 effici

249 1063 413 1138 voluisse.
461 1063 515 1136 Ao
537 1063 787 1163 Empedoclem
809 1087 955 1162 quoque
977 1077 1135 1161 spectare
1154 1063 1308 1138 videntur

250 1211 344 1286 quae
371 1183 470 1257 Plato
495 1186 534 1256 in
557 1185 681 1285 Lyside
704 1185 770 1258 hac
792 1183 838 1256 de
859 1209 899 1258 re
919 1184 1104 1283 disputans
1126 1184 1227 1257 dicit:
1249 1186 1309 1256 οὐκ·
1376 1173 1377 1202 i

251 1316 304 1384 οῦν
327 1310 383 1382 ccl
408 1311 473 1388 τοῖς
501 1312 563 1383 τῶν
586 1306 792 1404 σοφωτάτων
809 1303 1080 1426 συγγράμμασιν
1101 1305 1310 1407 ἐντετύχηκας

250 1433 346 1505 τοῦτ’
367 1430 455 1505 mat
474 1431 649 1529 λέγουσιν,
669 1430 778 1518 liccat
800 1429 944 1525 dccccv
964 1430 1019 1529 τῷ
1041 1431 1168 1532 ὁμοίῳ
1194 1429 1310 1529 ἀνάγκη

251 1552 320 1630 atat
345 1541 473 1648 φίλοι)
498 1548 594 1648 οἴνοις
618 1555 682 1629 eici
710 1551 751 1630 δέ
774 1583 839 1630 που
869 1547 958 1628 οὗτοι
986 1555 1016 1630 οἱ
1040 1556 1114 1651 περὶ
1136 1558 1261 1648 Φύσεως
1281 1580 1311 1626 τε

252 1680 308 1752 acl
329 1685 388 1750 τοῦ
411 1676 488 1753 taso
512 1673 740 1776 dreheyc‘loevci
763 1703 802 1750 τε
822 1679 879 1751 ccl
898 1675 1091 1774 γράφοντος
1109 1681 1164 1750 ¹⁷.
1214 1676 1312 1745 Latis-

251 1800 338 1872 simc
368 1812 463 1871 certe
492 1823 537 1872 ex
557 1798 780 1898 Empedoclis
806 1812 928 1872 mente
955 1796 1085 1875 visilia
1115 1821 1312 1896 perseam

252 1934 419 1992 naturam
446 1933 557 2018 patet:
582 1920 721 2020 qnippe
750 1923 815 2020 qui
844 1946 916 1993 non
945 1919 1060 1993 solum
1085 1915 1213 1991 similia
1241 1943 1311 1988 cun
1378 1901 1379 1938 ³

251 2039 423 2114 similibus
444 2041 644 2142 congregari
656 2047 673 2131 ,‘
686 2041 747 2114 sed
767 2045 872 2117 etiam
896 2041 1019 2116 similia
1042 2038 1217 2114 similibus
1238 2037 1312 2110 affici

252 2177 289 2236 et
307 2187 434 2235 rursus
453 2187 558 2261 agere
576 2165 614 2235 in
636 2163 759 2238 similia
779 2165 952 2239 docuerit.
1004 2164 1081 2236 Hac
1101 2161 1315 2235 consensione

253 2285 392 2358 fierint
412 2298 449 2356 et
473 2298 567 2358 terra
589 2300 731 2360 terrena
755 2300 898 2385 appetat
920 2299 957 2358 et
980 2283 1102 2357 aether
1122 2281 1271 2355 aetheria
1287 2291 1316 2349 et
1379 2279 1380 2308 ³

253 2402 412 2477 similiter
434 2403 587 2504 reliqua3
619 2405 741 2482 eddem
763 2407 981 2497 affectiones,
1002 2431 1146 2498 sensus,
1168 2425 1317 2478 omnem-

252 2549 329 2624 que
352 2525 460 2598 animi
484 2541 521 2600 et
544 2528 699 2626 corporis
722 2529 984 2627 perceptionem
1014 2526 1122 2621 effici3
1143 2525 1210 2599 hac
1233 2523 1317 2596 deni-

254 2671 328 2746 que
349 2646 386 2718 vi
409 2671 596 2745 corporum
620 2647 886 2737 formationem,
909 2651 1190 2747 generationem,
1214 2649 1319 2718 incre·
1380 2683 1381 2744 3

256 2779 398 2856 menta,
425 2768 561 2840 victum
579 2770 762 2842 contineri.
798 2769 866 2842 Sed
882 2759 971 2844 haec
987 2795 1088 2841 nunc
1101 2768 1247 2868 quidem
1259 2767 1320 2838 stri·

255 2889 358 2978 ctim;
386 2890 431 2962 de
453 2887 600 2988 singulis
627 2889 723 2963 infra
748 2917 815 2964 suo
837 2892 912 2965 loco
934 2891 1146 2965 accuratius.

304 3011 433 3111 Neque
461 3010 574 3086 solum
601 3013 723 3086 statuit
746 3039 820 3086 esse
847 3016 942 3088 inter
966 3013 1142 3087 elementa
1160 3011 1223 3102 uvel
1244 3035 1319 3083 oon-

256 3133 474 3210 venientiam
499 3133 680 3234 quandam
702 3133 759 3210 vel
780 3132 1068 3234 discrepantiam,
1093 3136 1201 3207 etiam
1225 3135 1319 3207 ratio·

257 3277 342 3326 nem
371 3255 540 3356 viamque
572 3254 746 3354 explicuit
769 3282 842 3356 qua
864 3282 904 3329 ea
925 3260 962 3328 in
985 3281 1022 3328 se
1042 3257 1198 3330 invicem
1219 3268 1320 3354 agant

257 3372 433 3448 Adhibuit
464 3389 543 3448 tum
579 3389 752 3449 meatus
787 3376 959 3477 quosdam
985 3378 1058 3452 sive
1089 3378 1226 3475 πόρους,
1255 3390 1321 3448 tum

256 3491 406 3569 fluxus
440 3497 514 3573 sive
544 3493 728 3596 ἆοτορῤοοίς,
765 3497 899 3598 quibus
925 3524 1069 3598 corpora
1090 3500 1321 3598 etcorporum

257 3614 432 3691 elementa
458 3631 588 3692 mutuo
610 3619 706 3692 inter
736 3644 775 3692 se
803 3632 1013 3693 commeent
1064 3618 1212 3694 Celebre
1239 3611 1321 3715 apud

289 3789 342 3850 (ιδ)
361 3790 511 3842 Aristoteles
528 3789 805 3856 Eretc.Nic0m.vt11‚
823 3809 844 3844 a.
861 3809 885 3861 p.
911 3790 943 3852 75
960 3793 987 3844 G.
1005 3791 1117 3844 elidem
1131 3790 1297 3844 Eudemt'll.
1312 3802 1319 3834 ι

259 3895 284 3946 p.
303 3895 347 3930 τοι
370 3881 397 3933 G.

290 3973 343 4033 (¹7)
360 3969 431 4022 Plato
441 3971 498 4040 hys.
512 3989 537 4042 p.
550 3973 597 4034 aad
610 3975 635 4025 B.
659 3971 773 4025 Chalcid.
795 3973 821 4022 iu
840 3971 903 4023 Tim.
923 3973 1058 4042 Platon.p.
1073 3973 1127 4034 131,
1137 3971 1323 4039 Pythagoricum

260 4057 310 4108 hoc
322 4058 412 4126 dogma
425 4061 547 4129 appellat.
