2768 4910
455 464 695 518 rmnosorma.
1052 459 1117 524 ast

58 631 226 706 τῶνάπλῶν
247 631 375 730 γένεσιν
394 633 486 708 κατα
504 634 559 710 τὸν
579 631 625 727 ἐξ
644 631 888 716 ὑπσθέιτιιςΙ
900 645 1015 713 τοῦτον
1040 643 1116 736 τρό-

58 781 107 827 πιν
134 755 299 849 φαίνονται
332 753 583 853 παραδιδόντες,
615 755 684 833 άπὸ
717 764 777 834 τῶν
800 766 851 833 νῦν
875 759 1034 857 ὁρωμένων
1058 763 1115 852 τὴν

58 874 198 952 ιἰνάλυσιν
228 882 413 974 ποιούμενοι
443 880 498 970 τὴν
528 877 585 954 ἐπὶ
611 881 658 954 τά
686 879 808 972 atrae,
832 882 888 955 ruti
909 883 964 971 rip
985 880 1024 957 ἔκ
1052 890 1115 959 τῶν

57 998 154 1076 άπλῶν
179 998 324 1078 σύνθεσιν
349 999 607 1101 ἓξιστσρσῦντει,
631 1003 680 1083 ὡς
706 1003 738 1077 εἶ
766 1005 837 1078 καὶ
863 1010 1115 1108 προϋπῆρχε

57 1121 101 1220 τῷ
118 1127 252 1226 χρόνῳ
272 1125 326 1200 τα
345 1123 391 1220 ἐξ
410 1119 456 1201 ὧν
473 1127 599 1226 γίνεται
619 1125 666 1200 τά
681 1126 846 1225 γινόμενα.
872 1125 1114 1229 Nequaquam

56 1270 125 1318 vero
144 1246 345 1346 putandum
370 1245 474 1341 dicit,
498 1249 599 1349 quasi
626 1275 672 1324 ex
693 1248 917 1348 Empedoclis
936 1250 1114 1324 sententia

55 1369 206 1466 principia
242 1368 308 1442 ista
341 1369 524 1469 quondam
551 1372 695 1444 seorsim
723 1369 939 1444 exstiterint:
978 1371 1116 1470 quippe

54 1485 140 1561 ilium
162 1490 420 1587 perspicuitatis
442 1503 584 1564 tantum
605 1517 726 1564 caussa
744 1489 831 1564 haee
849 1491 1007 1582 finxisse,
1022 1491 1116 1564 sieut

55 1608 272 1682 mathematici
289 1611 419 1708 figuras
436 1625 472 1683 et
490 1610 600 1684 lineas
616 1625 652 1685 et
665 1624 818 1711 puncta,
835 1610 969 1710 quibus
986 1637 1115 1710 corpo-

21 1715 29 1740 *
54 1754 123 1800 rum
138 1731 266 1803 formas
280 1729 524 1803 demonstrent
538 1743 618 1810 20⁴.
655 1731 861 1806 Illustratur
876 1731 946 1804 hoc
962 1732 1003 1805 iis
1018 1757 1114 1831 quae

54 1849 139 1922 modo
152 1851 196 1923 de
208 1850 371 1924 Amicitia
387 1865 424 1924 et
437 1851 613 1925 Discordia
630 1851 958 1928 animadvertimus.
977 1854 1114 1944 Quem-

54 1970 224 2046 admodum
266 1973 363 2045 enim
402 1975 615 2071 reciprocam
651 1973 839 2046 ambarum
870 1977 1046 2048 actionem
1074 1977 1113 2050 in

54 2107 163 2167 natura
183 2095 328 2168 alternis
348 2092 507 2167 obtinere
529 2097 630 2168 finxit
652 2095 716 2187 ita,
739 2109 782 2166 ut
805 2097 951 2167 mutatis
973 2093 1115 2170 vicibus

55 2211 202 2289 alterutra
222 2242 349 2291 earum
368 2231 491 2314 regnet
515 2233 552 2290 et
570 2218 782 2290 universum
799 2214 902 2289 modo
928 2218 966 2286 iu
993 2241 1115 2320 unum

54 2336 250 2436 concilietur,
269 2335 375 2410 modo
392 2338 430 2408 in
446 2337 584 2414 diversa
600 2335 830 2430 distrahatur,
842 2329 1004 2410 similiter
1016 2335 1115 2436 quod

53 2452 87 2526 de
115 2455 258 2555 sphaera
288 2471 323 2531 et
353 2458 398 2531 de
423 2459 684 2532 elementorum
706 2456 918 2530 discretione
936 2457 1029 2531 dixit
1051 2485 1117 2535 ex·

54 2574 155 2670 plicari
187 2593 319 2678 potest,
360 2595 404 2653 ut
442 2578 605 2679 exempla
640 2579 730 2671 sint,
775 2579 929 2655 alterum
967 2579 1116 2654 harmo-

54 2699 133 2790 niae,
157 2701 311 2775 alterum
333 2700 563 2793 diversitatis,
585 2699 798 2799 συμπάθειαν
821 2713 858 2772 et
880 2700 1117 2796 ιἰντιπάθειας,

53 2843 130 2916 quae
149 2825 185 2896 in
208 2823 346 2896 mundo
363 2838 583 2897 cernuntur,
634 2825 816 2898 Neutrum
843 2827 975 2900 horum
997 2824 1115 2898 solum

53 2963 163 3033 perse
192 2958 321 3038 exstat,
344 2945 407 3018 sed
438 2957 565 3017 mutua
596 2944 783 3018 amborum
814 2947 901 3018 aetio
933 2945 972 3015 in
1003 2958 1116 3017 natu-

53 3085 83 3132 ra
115 3067 259 3139 confuse
300 3079 466 3165 apparet,
507 3093 601 3167 quae
639 3064 698 3140 ille
745 3067 952 3165 cogitatione
993 3089 1115 3138 secer-

53 3205 128 3256 nens
151 3201 322 3287 tanquam
346 3187 503 3260 diversas
524 3191 683 3261 notiones
709 3202 830 3260 mente
856 3187 1018 3284 concepit
1042 3211 1133 3282 eas·¹

53 3327 112 3398 que
142 3291 349 3382 informavit
377 3309 467 3381 siout
502 3310 648 3408 species,
679 3337 743 3382 sua
773 3333 959 3408 quamque
984 3320 1114 3381 natura

52 3437 80 3494 et
108 3427 216 3528 figura
248 3441 464 3503 constantes:
504 3431 629 3504 mundi
661 3430 884 3505 harmoniam
918 3428 1118 3500 informans

76 3681 142 3744 (204)
166 3681 277 3750 simplic.
301 3680 319 3732 l.
337 3681 355 3732 l.
381 3689 407 3733 et
428 3681 462 3734 de
483 3681 551 3734 Coei
570 3683 611 3744 11,
633 3682 650 3732 f.
674 3683 760 3750 rapa
783 3681 822 3734 ed.
848 3679 901 3733 ald.
924 3684 993 3748 φαίη
1011 3678 1040 3733 δ’
1064 3679 1116 3744 ἄν,
1211 3727 1215 3736 ,

53 3765 79 3826 ὡς
93 3765 179 3837 οἶμαι,
197 3777 245 3826 καὶ
260 3773 475 3841 Ἐμπεδοκλῆς,
495 3775 539 3826 ὅτι
556 3773 605 3824 οὐκ
623 3773 697 3826 ἔστιν
714 3772 761 3824 ὁτὲ
781 3775 887 3841 χωρὶς
908 3777 1114 3842 διειστήκει

52 3864 231 3935 τὰστοιχεῖα,
249 3873 286 3936 μὴ
305 3869 353 3920 καὶ
373 3874 421 3934 τῆς
439 3871 506 3936 πρὸς
524 3867 632 3935 ἄλληλα
650 3869 799 3926 συντάξεως
816 3866 908 3918 αὐτῶν
928 3866 1115 3936 ὑπαρχούσης·
1158 3889 1159 3893 ’

52 3959 175 4011 υιᾶλῖ
196 3962 209 4012 ὃ
227 3963 304 4028 λόγος
320 3967 371 4030 τὴν
389 3959 467 4023 φύσιν
487 3963 541 4012 τῶν
557 3963 725 4031 πραγμάτων
743 3961 928 4028 ἀνακυκλῆσαι
945 3962 1116 4030 βουλόμενος

52 4051 90 4098 ¹112
104 4057 207 4118 rtrum
223 4060 277 4108 τῶν
294 4057 435 4122 ἀγενήτων
455 4057 502 4106 καὶ
520 4057 654 4125 διάκρισιν
671 4055 725 4106 τῶν
737 4056 878 4122 ἤνιιμίνιιν
891 4057 939 4103 καὶ
953 4053 1044 4106 ἕνωσιν
1059 4056 1114 4105 τῶν

53 4143 249 4216 διακεκριμένων
268 4149 448 4200 ὑποτίθεται.

925 4238 991 4313 25*
