2768 4910
493 381 736 444 amtosorrira.
1091 397 1155 459 4³9

56 565 197 664 ἱδρῶτα
222 559 396 662 γίγνεσθαι
419 558 489 654 (τὴν
510 557 714 658 ddtmtoll'·
735 561 787 639 dcl
808 569 865 639 αα)
889 568 1044 668 ἁλμυρὰν
1066 570 1154 652 εἶναι’

57 679 128 764 κα)
157 687 226 786 γαρ
258 683 274 760 o‘
302 682 392 782 ἱδρὼς
419 683 566 781 ἁλμυράς
587 692 665 760 1⁵⁴.
717 686 793 758 Etsi
828 687 887 760 hic
923 693 1154 790 Empedocles

27 837 147 885 non
177 809 402 899 nominetur,
435 808 620 908 significari
650 821 771 882 tamen
803 825 968 908 apertum
997 829 1063 910 est,
1095 823 1150 894 uti

53 933 141 1032 jam
163 929 365 1005 Alexander
388 928 637 1003 animadvertit
653 939 693 982 ¹⁵
700 939 733 1002 ⁵.
785 931 909 1005 Talem
933 961 1018 1010 vero
1040 965 1151 1040 argu-

52 1054 324 1126 mentationem
350 1050 542 1126 fatendum
569 1065 621 1125 est
645 1055 755 1152 magis
785 1064 912 1154 potitae
934 1083 1008 1133 esse
1039 1088 1150 1160 quam

51 1175 213 1275 physici.
263 1175 452 1278 Caeterum
475 1199 700 1275 quamquam
721 1175 831 1250 salsus
852 1179 899 1251 sit
916 1182 1021 1254 maris
1034 1209 1148 1282 sapor,

51 1310 188 1368 tamen
219 1293 336 1367 eidem
366 1293 488 1368 dulces
520 1321 668 1396 quoque
699 1297 890 1395 particulas
921 1299 1036 1376 inesse
1064 1304 1148 1376 ani-

51 1415 275 1505 madvertit,
308 1415 389 1490 licet
419 1417 505 1492 adeo
526 1431 654 1492 tenues
676 1433 719 1491 ut
739 1443 884 1494 sensum
908 1422 1067 1521 fugiant3
1093 1424 1147 1500 his

41 1541 177 1635 pisces
201 1536 248 1610 ali
266 1539 347 1612 1⁵⁶.

106 1658 166 1730 Ut
193 1649 322 1734 autem
337 1659 475 1737 diversa
489 1662 665 1736 elementa
683 1685 748 1762 per
764 1689 866 1762 poros
882 1665 977 1749 inter
992 1689 1030 1738 se
1046 1693 1145 1740 oom-

52 1809 185 1857 meare
223 1797 260 1855 et
292 1785 331 1854 in
366 1783 502 1858 mundo
536 1784 695 1868 misceri,
725 1784 833 1856 sicin
860 1799 975 1858 terrae
999 1813 1145 1886 quoque

2 1925 8 1936 “
52 1903 258 1978 visceribus
299 1917 335 1977 et
372 1905 441 1978 sub
475 1906 583 1978 maris
609 1904 729 1977 fundo¹
751 1905 931 1979 aetherem
956 1921 992 1980 et
1026 1908 1146 2008 ignem

52 2025 172 2099 latere
189 2027 328 2100 censuit
343 2033 382 2078 ²⁵
391 2033 425 2096 ⁷:
450 2027 553 2124 eujus
570 2027 623 2098 rei
642 2025 770 2099 indicio
787 2051 861 2100 esse
877 2042 958 2100 tum
974 2029 1145 2130 pleraque

51 2174 75 2220 e
92 2163 194 2220 terra
211 2149 407 2238 nascentia,
427 2163 506 2221 tum
524 2147 650 2221 calidos
665 2149 796 2234 fontes,
815 2173 905 2247 quos
921 2149 1072 2224 calefieri
1086 2150 1145 2221 di-

50 2269 112 2344 xit
138 2267 281 2368 ignibus
299 2267 466 2367 subjectis
487 2269 558 2343 solo
580 2295 646 2367 per
667 2269 764 2368 quod
789 2295 903 2369 aquae
931 2268 1048 2343 fluant
1063 2274 1142 2342 1⁵⁸.

52 2390 273 2464 Praesertim
303 2415 390 2467 vero
417 2393 491 2491 igni
522 2392 652 2465 tribuit
677 2390 837 2465 durandi
871 2406 908 2466 et
937 2391 1144 2492 congelandi

86 2645 166 2714 (154)
185 2647 289 2700 Aristot.
304 2647 407 2699 ibidem.
427 2649 466 2708 11,
490 2663 509 2698 1.
542 2665 567 2716 p.
588 2649 637 2710 426
655 2649 686 2701 D.

78 2735 166 2803 Ι(155)
184 2737 253 2788 Alex.
271 2735 386 2806 Aphrod.
400 2735 426 2786 in
435 2737 543 2788 Meteor.
553 2738 579 2788 h.
588 2737 605 2788 l.
617 2738 634 2790 f.
648 2755 678 2806 9¹
690 2741 718 2792 Α,
731 2738 839 2805 (Graece
849 2736 889 2788 ed.
900 2753 953 2788 uua
965 2721 1024 2787 eum
1036 2737 1142 2788 Joannis
1221 2727 1227 2742 ⁸

51 2827 320 2878 Gramm.Cornment
334 2827 361 2876 in
373 2827 439 2878 Post·
454 2827 556 2892 Analyt.
569 2828 636 2878 Ven.
650 2825 733 2893 1534).
765 2829 796 2878 In
809 2825 901 2878 eodem
915 2824 1053 2877 Alexandri
1064 2827 1142 2878 Com·

50 2915 185 2966 mentario
197 2931 219 2982 p.
233 2915 262 2975 rit
277 2915 330 2980 (ed.
345 2915 399 2967 Lat.
412 2916 476 2968 Ven.
491 2915 565 2980 1561)
574 2915 638 2967 lraec
650 2915 786 2983 leguntur:
798 2915 932 2968 »Ostendit
943 2914 1139 2979 modottrtsto·

49 3005 149 3069 uteles)
169 3003 238 3071 quod
257 3019 310 3054 non
331 3011 403 3054 recte
422 3004 515 3073 utique
533 3004 632 3055 dictum
655 3012 708 3067 est,
728 3012 814 3056 terrae
837 3003 957 3054 sudorem
981 3019 1034 3054 ease
1054 3019 1138 3064 marm

48 3111 119 3146 nnec
130 3093 166 3144 sic
176 3093 281 3163 quidem
291 3092 391 3144 accedit
402 3092 467 3143 illud
480 3093 550 3156 lieri,
564 3092 782 3162 quemadmodum
792 3109 859 3162 aqua
869 3092 953 3142 colata
966 3109 1014 3160 per
1025 3091 1138 3151 cineres,

49 3187 138 3236 »sicut
156 3183 222 3234 dixit
238 3180 432 3250 Empedocles.”
466 3183 620 3250 Perpcram:
638 3198 698 3233 narn
713 3181 842 3249 posterior
854 3181 941 3249 opinio
955 3179 988 3230 ab
1000 3178 1137 3232 Aristotele

48 3273 64 3324 l.
84 3274 102 3326 1.
118 3273 253 3323 manifesto
267 3271 299 3322 ab
310 3271 390 3322 altera
402 3270 573 3336 distinguitur.
591 3273 684 3340 Itaque
699 3269 790 3322 melius
800 3271 869 3321 istud
880 3269 1037 3320 »sicutdixit
1047 3268 1137 3337 Emp.'’

48 3365 236 3430 interponatur
250 3369 309 3431 post
328 3361 417 3414 verba:
438 3359 575 3411 *sudorem
593 3377 646 3412 esse
665 3359 760 3415 mare.''
795 3361 892 3412 Locum
909 3359 979 3411 laune
998 3359 1136 3410 Alexandri

47 3455 76 3504 in
93 3454 193 3503 Graeca
208 3451 336 3509 editione,
353 3467 419 3522 quae
436 3466 506 3500 nunc
524 3467 576 3501 non
591 3449 675 3502 estad
692 3467 812 3514 manum,
827 3451 953 3520 inspicere
965 3468 1021 3500 sum
1033 3451 1137 3500 oblitus.

83 3541 163 3607 (156)
183 3541 277 3592 Aelian.
298 3540 365 3591 Hist.
388 3540 470 3591 Anim.
488 3541 542 3596 tx.
561 3539 607 3602 64,
624 3540 669 3608 qui
687 3540 770 3593 addit:
790 3545 838 3594 καὶ
858 3535 914 3610 τῆν’
928 3545 1025 3594 αἰτίαν
1045 3543 1134 3592 τοῦδε

49 3637 103 3687 τοῦ
126 3637 156 3686 ἓν
174 3633 246 3700 ἅλμῃ
256 3634 472 3698 γλυκαανομένου
483 3632 559 3699 λέγει
575 3636 707 3700 φυσικήν(
723 3631 826 3700 qualem
842 3642 930 3684 tamen
943 3649 1056 3682 caussam
1068 3632 1135 3682 hanc

47 3728 164 3787 dixerit,
175 3743 226 3776 non
241 3735 374 3776 memorat.
392 3725 464 3776 Idem
479 3726 577 3794 placuit
589 3726 721 3776 Aristoteli
734 3726 854 3795 aliisque,
866 3742 932 3795 quos
946 3727 1008 3776 citat
1020 3725 1133 3776 Gronov.

48 3816 188 3869 Animadv.
205 3817 231 3866 in
245 3815 271 3864 la.
285 3817 301 3867 l.
318 3834 344 3885 p.
363 3815 425 3867 1065
439 3833 475 3885 sq.
489 3817 520 3867 cf.
533 3816 607 3867 Basil.
621 3817 656 3868 M.
670 3817 824 3868 chue'r'mcr.
836 3818 901 3878 vlt,
913 3834 936 3886 p.
950 3816 981 3879 67
997 3819 1022 3867 B:
1041 3819 1135 3886 χαίρει

49 3909 84 3962 δὲ
103 3909 291 3974 referientes
310 3912 357 3960 καὶ
375 3911 410 3959 τὰ
426 3909 575 3960 θαλάσσια.

81 3999 160 4067 (157)
177 3999 283 4070 Emped.
305 4017 355 4053 vss.
378 4001 426 4051 203
445 4009 472 4052 et
495 4015 550 4063 207.

82 4090 163 4156 (158)
180 4091 236 4142 Vid.
262 4091 357 4144 Seneca
375 4093 436 4150 Nat.
455 4091 567 4149 Quaestt.
590 4092 649 4150 ΙΙΙ,
672 4090 710 4148 ad.
