2768 4916
440 443 524 492 vrrs
550 443 597 494 ur
617 443 762 490 munus.
1099 423 1143 486 37

70 607 109 680 ab
127 607 193 682 ulio
208 608 312 683 facile
331 635 416 684 sano
431 611 550 712 judice
568 610 712 706 credita,
728 635 801 686 non
819 609 935 684 solnm
953 610 1050 682 inter
1065 607 1139 708 ple·

68 757 186 832 rosque
202 729 383 832 divulgata
393 747 457 826 est,
474 733 655 808 sedetiam
672 731 829 808 studiose
841 734 968 833 agitata
983 731 1140 822 adactis,

64 856 121 956 qui
148 852 295 928 fabulae
325 855 499 930 rationem
528 857 705 955 explicare
746 851 977 928 studuerunt.
1036 849 1140 924 Multi

62 975 212 1050 arbitrati
245 989 351 1069 sunt,
384 975 655 1076 Empedoclem,
690 975 779 1050 dum
812 976 948 1048 Aetnae
974 973 1139 1048 incendia

61 1099 256 1197 diligentins
289 1099 495 1174 examinare
520 1097 646 1190 vellet,
675 1098 794 1172 aeneis
818 1095 945 1170 calceis
968 1095 1140 1169 adversus

61 1221 192 1295 favillae
216 1219 382 1294 ardorem
405 1222 610 1309 munitum,
632 1220 780 1319 propius
792 1215 934 1292 hiatum
957 1217 1140 1292 accessisse

60 1355 90 1414 et
113 1343 260 1416 incaute
286 1367 512 1442 progressum
535 1343 574 1415 in
595 1339 824 1426 flammarum
851 1342 1029 1442 gurgitem
1053 1365 1140 1438 pro·
1165 1335 1169 1342 ’

60 1465 191 1564 lapsum
216 1488 317 1555 esse3
352 1489 466 1564 quam
491 1464 696 1563 opinionem
728 1475 765 1535 et
792 1463 967 1563 Diogenes
994 1465 1031 1536 in
1057 1464 1141 1563 epi-

60 1600 250 1687 grammate
278 1585 436 1688 quodam
463 1587 701 1687 sequitur⁹⁷,
731 1599 769 1658 et
800 1587 907 1662 multi
930 1585 1140 1685 praesertim

59 1711 267 1784 recentiores
294 1706 451 1806 amplexi
481 1721 580 1782 sunt.
631 1705 732 1802 Quid
759 1706 858 1808 quod
889 1707 1068 1808 hodieque
1099 1708 1138 1780 in

60 1833 237 1931 superiore
249 1833 386 1904 Aetnae
397 1845 500 1938 parte
512 1831 684 1932 antiquae
698 1832 813 1903 turris
826 1828 883 1906 rel
896 1829 992 1904 aedis
1007 1827 1140 1904 rudera

59 1967 317 2045 monstrantur,
356 1979 468 2055 qnam
510 1951 605 2024 fama
639 1967 691 2043 est
723 1951 820 2049 apud
856 1951 1072 2026 Catanenscs
1096 1948 1142 2024 ab

60 2074 271 2175 Empedocle
290 2087 510 2149 exstructam
529 2097 603 2148 esse
626 2073 671 2147 ad
693 2066 850 2146 incendii
866 2097 1005 2146 caussas
1020 2070 1141 2172 explo-

60 2198 191 2289 randas,
210 2197 313 2272 unde
329 2195 418 2270 haec
442 2197 585 2276 turris
606 2192 867 2297 philosophi
886 2192 997 2294 vulgo
1012 2219 1141 2292 cogno·

9 2373 10 2376 ,
60 2305 182 2395 minari
202 2319 302 2394 solita
319 2323 447 2394 est⁹⁸.
498 2317 595 2392 Haec
620 2321 727 2412 ratio,
750 2317 916 2421 quamvis
931 2317 1085 2416 speciosa
1105 2329 1142 2390 et

9 2425 10 2480 1
60 2441 254 2516 multorum
275 2441 501 2517 eruditorum
519 2442 720 2517 assensione
732 2439 993 2536 commendata,
1008 2465 1140 2540 parum

9 2613 11 2660 ;
60 2576 174 2640 tamen
184 2565 293 2640 habet
305 2562 570 2664 probabilitatis.
587 2563 820 2664 Empedocles
836 2564 973 2638 Aetnae
988 2575 1141 2646 crateres

9 2703 10 2726 ³
61 2673 101 2761 oe
125 2693 332 2788 cognovisse
352 2686 502 2789 quidem
518 2685 682 2781 videtur3
708 2699 805 2760 certe
823 2684 961 2759 nullam
981 2683 1066 2757 fecit
1082 2710 1140 2758 ns·

61 2835 163 2910 quam
173 2835 303 2883 eorum
316 2810 551 2904 mentionem,
561 2822 605 2882 ut
620 2807 739 2908 arguit
754 2806 988 2899 'limaeus⁹'⁹‚
1003 2804 1141 2882 nedum

9 3021 11 3030 ‚
61 2957 112 3005 eos
135 2931 295 3024 adiisset,
311 2957 403 3030 quos
425 2930 535 3004 etiam
555 2929 679 3003 multis
697 2928 825 3002 seculis
840 2942 935 3026 post,
959 2927 1142 3002 Strabonis

61 3065 229 3153 tempore,
260 3077 329 3126 nec
351 3051 441 3124 adiri
466 3078 535 3126 nec
558 3049 712 3148 conspici
734 3075 835 3150 posse
855 3049 965 3151 vulgo
987 3049 1141 3124 arbitra-

61 3171 185 3250 bantur
206 3187 287 3247 100.
339 3175 409 3247 lsta
433 3187 570 3268 autem,
593 3199 691 3276 quac
711 3171 890 3272 hodieque
911 3186 1144 3264 monstratur,

89 3361 142 3428 (97)
158 3361 287 3425 Diogenes
300 3359 420 3411 Ladrtius
431 3359 510 3420 VIII,
523 3355 563 3422 75.
575 3357 739 3426 Epigramma
751 3355 803 3407 tale
815 3363 866 3407 cst:

155 3452 204 3502 sol
221 3451 255 3503 σύ
273 3449 351 3517 ποτ’,
368 3451 587 3514 Ἐμπεδόκλεις,
604 3452 684 3518 διερῇ
699 3448 782 3514 φλογὶ
799 3449 877 3510 σῶμα
896 3451 1024 3516 καθήρας

224 3545 282 3612 πῦρ
300 3545 355 3595 ἀπὸ
375 3549 516 3614 κρητήρων
534 3544 628 3604 ἔκανες
646 3543 806 3594 ἀθανάτων.

154 3636 205 3687 ads
223 3638 289 3707 ἱρέω
308 3635 350 3700 δ’,
367 3639 411 3688 tiss
430 3641 533 3690 σαυτὸν
552 3635 619 3690 ἔνων
637 3636 726 3702 βάλες
742 3637 769 3694 ἐς
787 3635 850 3702 ῥόαν
868 3633 989 3703 Αἴτνης,

224 3729 294 3782 ἀλλὰ
309 3731 542 3794 peosrrstettos
560 3731 679 3794 ἔμπεσες
701 3728 751 3780 oris
769 3729 883 3781 ἐθέλων.

65 3817 89 3867 lo
100 3819 186 3873 ultimo
200 3838 278 3874 versu
295 3826 404 3887 μαθεῖν
421 3823 512 3893 scripsi
533 3839 582 3892 pro
598 3822 669 3888 vulg.
690 3822 809 3884 λαθεῖν,
827 3828 937 3873 auctore
952 3819 1018 3872 Mer.
1034 3818 1144 3874 Casuub.

93 3909 144 3977 (98)
161 3913 219 3964 Vid
233 3915 404 3981 Mongitorins
417 3915 479 3983 bibl.
494 3915 544 3966 Sic.
556 3929 635 3984 quam
647 3913 802 3966 sententiam
817 3919 908 3964 tuetur
919 3910 997 3963 etiam
1009 3908 1102 3978 Bsyle,
1116 3910 1143 3960 in

67 3995 219 4065 Eupatoria,
236 4001 286 4056 sub
306 4003 350 4055 tin.
368 4003 467 4056 Harles.
482 4003 510 4054 in
521 4003 598 4056 Febr.
610 4001 674 4054 Bihl.
688 4004 731 4054 Gr.
744 4005 783 4064 ll,
804 4015 840 4053 ra.
853 4003 882 4052 T.
896 3997 1030 4070 1.p.eot,
1044 4009 1098 4053 not.

95 4091 142 4157 (99)
161 4092 235 4162 Apud
248 4095 353 4160 Diogen.
365 4095 451 4147 laert.
463 4093 524 4145 ibid.
536 4110 556 4143 s.
571 4109 609 4156 7¹·

96 4179 160 4246 (roo)
176 4183 236 4236 Vid.
249 4183 343 4236 Strabo
356 4185 450 4236 citatus
468 4193 522 4235 not.
538 4181 579 4249 95.
