2768 4910
255 390 318 453 400
567 381 570 392 '
648 402 696 449 mr
719 399 935 450 uursoooms

253 571 359 644 tibus.
412 567 560 641 Illorum
588 567 658 640 suit
684 565 933 665 Empedocles,
961 564 1027 666 qui
1056 564 1193 639 disertis
1212 564 1315 640 verbis

253 691 420 780 affirmat,
464 687 552 761 nihil
590 689 627 759 in
664 691 832 760 universo
867 712 941 760 esse
976 713 1042 760 nec
1072 713 1230 762 vacuum
1262 711 1318 760 nec

252 809 479 912 superfluum
501 819 563 882 2³:
592 823 736 883 secutus
772 809 810 881 in
842 807 909 882 hoc
939 808 1176 884 Eleaticorum
1204 808 1318 881 decre·

252 950 349 1017 tum,
376 933 589 1006 universum
613 931 687 1006 sive
710 955 775 1003 ens
798 929 982 1030 plenum
1000 934 1145 1031 (πλῆρες)
1167 955 1242 1004 esse
1259 945 1317 1002 sta·

252 1058 457 1142 tuentium3
502 1051 548 1125 ab
584 1053 708 1126 iisdem
740 1079 826 1128 vero
868 1054 906 1124 in
951 1078 993 1126 eo
1023 1052 1194 1143 discessit,
1231 1049 1313 1152 quod

252 1180 303 1254 illi
331 1179 426 1252 idem
460 1177 701 1250 continens
728 1177 898 1278 (συνεχὲς)
931 1174 1148 1266 statuebant,
1183 1173 1241 1246 hic
1264 1199 1315 1270 po·

254 1330 310 1376 ros
338 1297 516 1389 adhibuit,
542 1323 615 1396 qua
653 1323 708 1370 res
746 1314 896 1373 naturae
932 1322 1129 1372 commeare
1166 1297 1258 1368 inter
1286 1319 1315 1365 se

253 1435 411 1523 possent,
434 1434 551 1519 spreto
573 1432 693 1492 tamen
717 1446 840 1495 vacuo.
890 1420 946 1494 Sic
968 1420 1126 1492 medium
1150 1417 1314 1518 quodam-

253 1543 357 1617 modo
385 1540 506 1616 tenuit
536 1542 630 1614 iuter
654 1539 825 1616 Eleaticos
860 1555 898 1616 et
927 1541 1097 1640 Leucippi
1130 1554 1315 1614 sectatores.

253 1662 454 1738 Aristoteles
479 1687 563 1735 vero
586 1663 651 1736 etsi
680 1664 852 1762 Leucippi
875 1663 1048 1737 rationem
1070 1660 1219 1734 minime
1242 1685 1316 1758 pro·

253 1786 333 1872 bat,
366 1781 588 1882 Empedoclis
623 1797 743 1872 tamen
769 1784 940 1882 placitum
966 1799 1008 1858 ut
1031 1809 1177 1882 prorsus
1202 1782 1316 1854 incon-
1379 1881 1380 1884 Ἴ

254 1923 467 1998 sentaneum
500 1904 658 2004 repellit,
688 1904 820 1978 dicens:
863 1904 1015 1998 sillum,
1058 1907 1086 1976 si
1118 1929 1259 2002 corpora
1286 1905 1315 1975 in

253 2057 291 2104 sc
322 2030 477 2102 invicem
505 2051 701 2098 commeare
724 2024 829 2116 velit,
851 2029 1046 2125 oportuisse
1069 2028 1160 2099 sicut
1178 2026 1316 2123 leucip-

252 2177 343 2250 pum
371 2163 407 2222 et
434 2147 541 2222 solida
565 2163 674 2248 atque
699 2147 882 2223 individua
919 2149 1126 2249 corpuscula
1162 2149 1316 2222 inducere

253 2289 289 2346 et
315 2275 422 2345 inane
445 2270 499 2344 his
525 2271 797 2370 interspersum:
825 2269 974 2344 sienim
995 2297 1069 2344 non
1101 2274 1173 2345 siut
1197 2271 1318 2346 indivi-

253 2393 326 2468 dua
354 2392 531 2493 quaedam
560 2416 724 2489 corpora,
753 2390 829 2463 lore
857 2406 899 2464 ut
921 2383 1095 2466 continua¹
1117 2397 1244 2469 existat
1263 2420 1318 2493 po-

253 2517 376 2588 r'orum
398 2513 504 2586 series
520 2526 555 2585 et
573 2537 728 2585 vacuum
752 2513 796 2583 sit
825 2511 1052 2608 uniuersum,
1077 2517 1106 2588 si
1127 2517 1236 2591 inane
1255 2543 1315 2590 non

253 2639 318 2728 sit,
341 2661 442 2736 poros
463 2635 569 2735 plane
589 2617 871 2736 supervacaneos
893 2661 988 2730 esse,
1014 2638 1043 2710 si
1066 2638 1216 2738 quidem
1237 2639 1319 2740 pleni

253 2761 341 2853 sint,
372 2784 493 2860 neque
525 2757 612 2831 adeo
642 2783 706 2854 per
735 2783 794 2831 eos
820 2759 953 2832 intrare
980 2761 1090 2858 magis
1113 2762 1204 2861 quid
1228 2763 1319 2862 possit
1378 2837 1379 2850 ,

253 2908 364 2981 quam
391 2885 420 2954 si
443 2879 535 2954 u'ulli
555 2880 624 2952 sint
646 2879 723 2950 ²4.'’
773 2880 867 2952 Haec
886 2877 1059 2974 breviter,
1084 2883 1151 2980 qui
1177 2882 1318 2981 longiora

286 3050 345 3117 (aa)
361 3050 467 3119 Empcd.
483 3066 519 3102 vs.
537 3048 577 3102 63.
590 3051 623 3100 cf.
637 3047 748 3116 simplic.
763 3045 797 3098 de
809 3047 887 3099 Coelo
903 3049 964 3110 ΙΙΙ,
982 3047 999 3100 t'.
1022 3047 1067 3099 155
1080 3052 1097 3100 B
1108 3067 1145 3120 sq.
1157 3049 1283 3103 Plutarch.
1293 3048 1318 3098 de

253 3141 322 3192 Pluc⁴
343 3141 405 3208 phil.
429 3144 458 3202 l,
484 3145 526 3194 18:
546 3145 572 3194 οἱ
590 3145 643 3194 ἀπὸ
665 3140 760 3192 Θάλεω
781 3142 889 3201 φυσικοὶ
910 3143 1012 3199 πάντες
1032 3145 1114 3212 μέχρι
1133 3142 1278 3200 Πλάτωνος
1294 3145 1319 3191 τὸ

256 3235 335 3285 κενὸν
352 3234 522 3300 ἀπέγνωσαν.
533 3265 567 3278 -
580 3233 784 3302 Ἐμπεδοκλῆς·
802 3232 889 3286 »οὐδέ
909 3253 937 3285 τι
952 3238 1002 3287 τοῦ
1020 3239 1125 3295 παντὸς
1143 3240 1238 3290 κενεὸν
1253 3236 1319 3290 ullu

257 3326 324 3379 etot
345 3325 488 3397 περισσόν”
506 3327 560 3394 (Vs.
585 3327 660 3392 183).
694 3327 729 3378 Οἱ
747 3329 801 3378 ἀπὸ
821 3326 916 3379 Θάλεω
936 3334 996 3377 sunt
1012 3327 1095 3378 tonici
1111 3328 1268 3398 philosophi,
1283 3327 1319 3398 qui

254 3417 287 3468 ad
311 3417 488 3469 Platonem
523 3419 701 3468 extenduntur
730 3417 788 3468 idco
813 3417 883 3488 quod
907 3416 984 3483 hujus
1009 3417 1130 3482 magister
1157 3419 1271 3472 Socrates
1291 3417 1318 3468 rh

255 3507 380 3559 Archelao
394 3508 483 3559 lonico
495 3508 598 3576 physica
612 3509 727 3576 accepit,
744 3516 774 3559 ut
787 3519 859 3574 recto
871 3507 994 3576 explicuit
1006 3507 1105 3559 corsis.
1117 3510 1144 3559 in
1157 3506 1183 3560 h.
1195 3509 1213 3562 t
1224 3509 1317 3559 Dissert.

256 3600 283 3658 Ι,
307 3614 333 3665 p.
358 3597 395 3658 id.
418 3595 549 3648 Thales
569 3607 656 3649 autom
673 3604 700 3648 et
721 3596 818 3650 Plato
836 3600 980 3666 junguntur
996 3613 1101 3669 quoque
1118 3599 1198 3662 alibi,
1213 3609 1242 3652 ut
1259 3598 1318 3670 apud
1377 3649 1378 3660 ,

255 3686 392 3744 Calenum,
417 3685 481 3737 Phil.
506 3687 570 3740 ilict.
592 3705 648 3758 cap.
673 3689 713 3741 38.
746 3688 784 3738 De
805 3686 960 3756 Empedocle
980 3688 1047 3740 idem
1070 3690 1188 3742 referunt
1209 3691 1321 3742 Stohcem

254 3775 308 3828 Ecl.
327 3777 401 3844 Phys.
424 3780 450 3839 Ι,
477 3794 514 3842 ¹9·
534 3794 560 3847 p.
580 3778 627 3842 378
649 3796 686 3849 sq.
706 3785 733 3830 et
752 3776 861 3828 Galenus
880 3776 895 3826 l.
917 3776 936 3826 l.
956 3794 1012 3847 cap.
1034 3795 1072 3829 ro.

287 3866 342 3932 (ad)
362 3865 572 3926 AristotcleGen.
586 3867 903 3936 etcorr.l.l.c'1rd'ovdl
917 3871 964 3919 nul
978 3865 1174 3933 Ἐμπεδοκλεῖ
1183 3873 1320 3939 ἀναγκαῖον

256 3957 362 4025 λέγειν,
376 3957 466 4029 ὥσπερ
483 3961 530 4011 nul
545 3959 706 4020 Λεύκιππός
723 3978 811 4031 φησιν·
829 3954 902 4015 εἶναι
915 3964 967 4032 γὰρ
982 3961 1057 4014 ἄττα
1069 3969 1176 4036 στερεὰ,
1187 3966 1321 4036 &dompni
1377 3953 1378 4036 i

256 4050 302 4120 dl,
322 4052 395 4120 εἰμὴ
414 4053 595 4124 πάντῃπόροι
614 4065 739 4123 συνεχεῖς
758 4059 838 4110 εἰσίν·
859 4060 944 4110 τοῦτο
964 4051 993 4110 δ’
1011 4058 1160 4114 ἀδύνατον·
1178 4060 1262 4114 οὐθὲν
1276 4061 1320 4129 γὰρ
