2814 4906
234 413 298 480 tre
631 423 679 472 nn
700 421 917 476 munacius

232 594 429 685 movimus,
460 591 499 664 io
532 590 651 666 lucem
681 587 890 680 eduximus}
925 588 1081 666 vidimus
1109 605 1314 691 praeterea,

232 740 328 816 quas
349 714 419 788 sint
440 712 630 812 praecipua
654 712 807 812 corporis
825 709 985 789 membra
1006 725 1043 788 et
1065 727 1201 811 partes,
1220 715 1317 790 unde

232 836 320 912 lraec
342 847 519 926 constent,
543 833 721 932 quomodo
742 833 884 908 alantur
908 846 947 907 et
968 834 1186 929 increscant3
1209 862 1318 934 supa·

233 971 321 1048 rest,
343 971 388 1031 ut
411 955 456 1032 de
479 956 541 1047 iis,
564 940 698 1056 quibus
713 955 911 1030 vitae'actio
927 953 1081 1030 maxime
1097 957 1318 1049 continetur,

229 1079 455 1154 disseramus.
503 1076 622 1148 Primo
638 1074 713 1149 loco
729 1075 957 1148 memoranda
981 1077 1251 1176 respiratio,
1276 1077 1319 1152 de

232 1226 306 1301 qua
341 1196 429 1298 quid
461 1196 670 1298 judicaverit
702 1195 950 1294 Empedocles,
986 1196 1168 1272 declarant
1206 1200 1318 1298 ipsios

235 1346 380 1412 versus,
407 1318 742 1424 suprcsaccuratius
771 1345 791 1390 a
821 1315 922 1393 nobis
943 1317 1116 1418 expliciti:
1148 1320 1315 1419 quocirca
1396 1329 1397 1340 ’

235 1467 337 1515 nunc
357 1442 437 1516 satis
457 1439 568 1514 fuerit
583 1436 780 1512 sententiae
796 1439 875 1538 ejus
891 1463 1067 1514 summam
1084 1438 1315 1516 adumbrare.

285 1561 432 1653 Statuit,
473 1573 516 1633 ut
551 1557 727 1650 vidimus,
768 1557 808 1632 in
841 1561 916 1634 tort
955 1559 1087 1633 natum
1117 1559 1215 1634 nihil
1247 1585 1316 1634 esse
1397 1607 1398 1650 ῃ

237 1684 363 1775 inane,
394 1681 454 1758 sad
482 1681 599 1754 omnia
625 1681 719 1779 poris
745 1680 941 1779 perforata,
969 1679 1103 1781 quibus
1127 1707 1314 1780 corporum
1397 1659 1398 1700 l

239 1829 436 1903 rerumque
457 1828 498 1878 ea
520 1802 740 1900 cingentium
761 1800 955 1899 particulae
977 1816 1014 1876 et
1033 1800 1214 1876 elementa
1241 1827 1313 1901 per·

238 1941 351 2026 petuo
373 1927 467 1998 inter
491 1947 529 1998 se
551 1935 767 2014 commeent,
789 1922 943 2016 intrent,
962 1921 1129 2013 effluant,
1159 1938 1197 1998 et
1222 1925 1262 1995 in
1282 1949 1313 1996 se

239 2047 396 2126 invicem
423 2059 530 2143 agant
556 2051 636 2114 2⁷³:
675 2041 719 2116 ab
752 2042 819 2118 hoc
849 2043 1022 2144 principio
1052 2046 1313 2144 respirationem

237 2167 405 2267 explicat.
466 2164 745 2265 Respirationem
779 2181 901 2242 autem
938 2165 1103 2265 intelligit
1143 2191 1223 2239 non
1257 2167 1315 2239 sin·
1398 2177 1399 2224 l

239 2289 391 2389 galatim
419 2315 498 2362 earn
521 2313 627 2388 ,quae
651 2313 716 2386 per
741 2288 828 2381 oris,
857 2288 1000 2366 narium
1029 2285 1315 2387 pulmonumque

207 2441 210 2450 ·
241 2425 388 2487 meatus.
412 2411 568 2500 ducitur,
599 2409 660 2486 sed
689 2409 858 2484 universe
886 2434 981 2509 quae
1002 2409 1041 2480 fit
1059 2420 1132 2484 toto
1162 2433 1314 2507 corpore.

242 2531 331 2630 Ejus
346 2531 562 2629 principium
574 2529 731 2629 positum
740 2527 826 2604 dicit
836 2530 876 2603 in
892 2530 1069 2627 reciproco
1084 2530 1269 2630 sanguinis
1283 2542 1316 2602 et

243 2653 333 2728 airis
349 2649 470 2726 fluxu:
487 2652 699 2750 sanguinem
716 2652 833 2744 enim,
846 2651 962 2749 euripi
980 2651 1089 2724 instar
1108 2675 1176 2747 per
1194 2674 1317 2748 corpus

243 2775 416 2874 agitatum
445 2770 758 2872 (κλαδασσόμενον),
780 2772 884 2847 modo
904 2797 1049 2850 sursum
1073 2769 1118 2844 ad
1139 2771 1236 2844 cutis
1257 2795 1319 2846 cx-

244 2896 438 2970 tremitates
466 2873 570 2987 ferri,
599 2896 703 2968 modo
729 2894 895 2969 deorsum
924 2892 967 2967 ad
994 2893 1184 2966 interiores
1208 2905 1320 2991 partes

245 3017 416 3111 refluere,
440 3015 539 3109 inde,
563 3006 739 3115 sanguine
757 3016 924 3089 interiora
946 3027 1104 3114 petente,
1123 3018 1247 3087 ae'rcm
1261 3037 1320 3111 per

150 3223 152 3232 Ι
245 3163 370 3212 omnes
388 3153 528 3211 meatus
545 3152 581 3211 et
596 3163 699 3236 poros
720 3152 793 3211 tam
813 3138 895 3228 oris,
914 3137 1076 3228 narium,
1090 3134 1319 3234 pulmonum,

208 3349 213 3360 ⁵
244 3285 357 3359 quam
379 3257 509 3360 reliqui
530 3259 705 3361 eorporis,
732 3259 866 3332 intrare
887 3273 923 3331 et
945 3259 994 3330 sic
1013 3283 1079 3356 per
1102 3271 1221 3330 totum
1245 3281 1320 3328 oor-

246 3407 317 3480 pus
336 3377 472 3475 diduci,
492 3406 618 3454 rursus
635 3385 755 3454 autem
775 3379 979 3477 prosiliente
995 3379 1189 3479 sanguine,
1204 3387 1321 3450 aerem

186 3575 188 3582 ,
245 3499 396 3576 effluere
425 3515 463 3574 et
492 3502 584 3576 foras
614 3528 652 3576 se
680 3503 881 3602 proripere:
908 3501 948 3572 in
976 3513 1107 3584 mutuo
1129 3499 1200 3574 hoc
1222 3485 1322 3574 fluxu

248 3621 517 3724 respirationem
536 3638 573 3698 et
588 3623 862 3723 exspirationem
877 3622 997 3720 ponit,
1010 3618 1229 3721 pulmonum
1246 3645 1322 3693 oon·

250 3742 413 3816 tractioni
434 3756 470 3817 et
490 3745 697 3844 expansioni
718 3741 1013 3842 respondentem,
1045 3765 1156 3842 quam
1189 3739 1321 3841 clepsy-

60 3925 65 3948 ,
121 3959 123 3964 ,
250 3861 335 3936 drae
355 3861 587 3940 similitudine
603 3865 756 3939 illustrat
771 3871 852 3936 ²⁷⁴.

283 4020 359 4088 (273)
379 4021 437 4073 vid.
459 4022 624 4081 Aristotele
647 4040 725 4094 supra
739 4041 765 4093 p.
787 4021 845 4092 398.

282 4111 359 4178 (aql)
376 4111 543 4182 Empedocles
563 4129 612 4167 vn.
629 4112 747 4182 275-299.
766 4111 799 4165 cf.
819 4114 961 4167 comment
979 4131 1003 4183 p
1022 4112 1070 4176 atla
1087 4129 1141 4182 sqq.
