2768 4910
498 404 742 458 pannosam.
898 365 900 374 ’
1095 399 1158 462 tto

71 578 121 649 At
139 573 206 648 hoc
225 572 362 646 dictum
382 571 427 644 ad
444 587 594 648 naturae
612 573 805 672 primordia
824 586 967 650 tautum
984 592 1158 674 spectare,

2 759 11 774 .
70 721 192 797 quum
213 694 390 768 Discordia
411 694 574 768 nondum
597 695 635 768 in
658 710 835 771 extremos
853 695 945 771 orbis
967 725 1044 772 oras
1068 701 1159 774 rele-

71 831 153 919 gata
174 831 284 910 esset,
305 818 381 916 ipse
402 816 522 909 docet,
544 816 789 918 superioribus
812 817 901 894 haec
923 818 1073 896 oddeos:

580 997 582 1002 .
639 943 674 1012 οὐ
698 942 767 1040 γὰρ
794 941 979 1040 &condius

147 1089 200 1137 πω
224 1066 294 1138 πᾶν
319 1059 494 1152 ἐξέστηκεν
519 1059 570 1136 ἐπ’
596 1065 740 1162 ἔσχατα
765 1065 918 1162 τέρματα
941 1069 1073 1141 metm.

72 1183 183 1260 Unde
219 1182 330 1257 simul
364 1182 512 1282 intelligi
546 1198 676 1282 potest,
709 1185 890 1286 deinceps,
922 1185 1159 1262 invalescente

71 1306 186 1404 magis
209 1305 392 1405 magisque
416 1303 581 1378 Amicitia
605 1319 642 1378 et
669 1307 812 1406 repulsa
828 1307 1025 1399 Discordia,
1049 1309 1160 1408 paul-

70 1419 175 1500 latim
203 1441 333 1502 cuncto
354 1427 394 1499 in
421 1426 551 1500 mundi
572 1426 737 1502 ordinem
761 1431 946 1502 constricta
969 1455 1055 1504 esse.

118 1548 282 1625 Mundus
299 1573 384 1646 crgo
405 1547 606 1622 secundum
630 1548 883 1648 Empedoclem
902 1576 1016 1642 unus,
1036 1551 1156 1625 omnia

71 1685 147 1744 tem
170 1670 293 1747 divina
323 1650 434 1769 qnam
463 1667 623 1742 humana
654 1671 877 1770 complexus,
900 1671 1003 1771 isque
1021 1673 1161 1765 finitus3

70 1791 332 1866 fornicantem
358 1791 575 1883 rotundis,
597 1793 695 1894 quod
722 1809 870 1893 apparet
892 1809 972 1868 tum
995 1793 1163 1886 aliunde,

69 1929 154 1988 tum
180 1941 227 1988 ex
254 1915 419 2016 eoquod
450 1914 586 2005 aether,
617 1915 770 1990 ultimus
800 1917 887 1992 coeli
913 1917 1025 2013 orbis,
1049 1915 1094 1990 ab
1115 1941 1160 1990 eo

70 2035 204 2110 dicitur
241 2039 400 2136 σφίγγων
424 2040 497 2136 περ)
526 2043 645 2114 κύκλον
672 2036 831 2132 ἅπαντα,
862 2041 988 2112 omnia
1021 2043 1160 2115 circum
1280 2045 1284 2054 '

70 2159 242 2230 cadmeas
270 2166 325 2230 77.
386 2160 556 2235 Stobaeus
597 2187 685 2237 vero
720 2163 831 2236 refert
859 2160 963 2234 illum
998 2175 1159 2259 putasse,

69 2279 160 2354 coeli
180 2279 300 2380 majus
328 2307 403 2356 esse
431 2281 632 2358 latitudinis
656 2284 811 2382 spatium
831 2307 945 2384 quam
962 2280 1161 2354 altitudinis

69 2399 331 2500 mundumque
355 2401 441 2476 adeo
469 2405 543 2480 ovi
572 2404 760 2478 formem
793 2404 941 2494 hebere,
972 2403 1023 2504 ὧῷ
1052 2433 1161 2504 rupo·

69 2525 218 2612 πλησίως
235 2525 290 2600 rts
308 2523 432 2622 κέσμον
448 2524 573 2602 κεῖσθαι
590 2529 646 2602 ⁷⁸.
672 2525 771 2602 Num
788 2526 1020 2625 Empedocles
1036 2553 1160 2603 resero
1282 2567 1284 2570 ·

69 2645 256 2722 mundum
285 2645 397 2738 ὦοειδῆ
423 2647 568 2746 dixerit,
606 2648 733 2724 merito
763 2646 925 2742 dubites,
954 2653 1160 2747 praesertim

69 2794 194 2868 quum
222 2767 427 2844 Aristoteles
453 2771 492 2844 in
520 2769 678 2848 mundo
701 2769 747 2844 de
769 2767 874 2844 Coelo
897 2770 1159 2865 demonstrans,

70 2889 215 2970 coelum
247 2917 322 2969 esse
353 2906 496 2970 tantum
524 2890 751 2990 σφαιροειδές,
783 2915 857 2969 non
891 2890 1066 2987 demedio
1100 2894 1158 2966 vel

70 3009 222 3105 ducello,
233 3012 379 3090 nullum
395 3027 562 3091 veterum
579 3014 811 3116 physicorum
824 3030 1001 3120 ‚memoret
1017 3017 1077 3090 cui
1089 3016 1159 3110 tale

70 3133 163 3234 quid
186 3134 360 3232 placuerit
375 3143 431 3208 ⁷9.
481 3137 618 3210 Pariter
642 3136 747 3210 silent
765 3136 989 3233 interpretes.
1030 3136 1158 3238 Neque

70 3255 153 3330 ideo
175 3255 297 3333 tamen
322 3255 516 3352 absonum,
538 3256 810 3356 Empedoclem,
835 3258 965 3334 mundi
982 3259 1159 3337 ambitum

69 3375 152 3452 solis
174 3375 261 3450 orbe
283 3380 491 3452 metientem
510 3385 564 3472 ⁸⁰,
585 3380 623 3452 in
642 3378 744 3452 istam
763 3381 965 3479 opinionem
983 3381 1155 3456 incidisse.
1176 3432 1177 3436 =

103 3633 342 3702 (77)1lmped.'vs.
363 3633 417 3688 185.

102 3726 163 3790 (78)
181 3725 307 3777 Stobseus
323 3725 387 3776 Eoll.
407 3725 482 3794 Phys.
501 3729 527 3789 I,
546 3741 584 3790 27·
604 3743 629 3793 p.
649 3722 704 3776 566.

100 3816 162 3883 (79)
180 3815 287 3866 Aristot.
304 3814 337 3867 de
355 3815 424 3868 Goel.
441 3819 481 3877 11,
502 3817 525 3878 [ι.

98 3907 156 3968 (80)
172 3903 302 3956 Plutarch.
327 3905 396 3958 Plac.
423 3904 486 3975 phil.
506 3909 546 3986 11,
575 3924 603 3959 1:
628 3908 720 3976 Ἔμπ.
741 3914 792 3979 τὴν
817 3913 966 3979 τοῡΙῆλίΙου
984 3917 1158 3986 περιδρομὴν

69 3992 145 4051 εἶναι
162 4001 338 4067 περιγραφὴν
358 3999 409 4054 τοῦ
430 4000 531 4065 κόσμου
552 4004 600 4053 καὶ
620 4007 809 4076 τοῦτοπέρας
829 4006 925 4059 αὐτοῦ.
952 4007 989 4058 Cf.
1010 4009 1079 4060 stols.
1096 4011 1158 4062 Eclt.

68 4091 144 4158 Phys.
171 4107 196 4158 p.
218 4091 274 4154 lado.
294 4091 381 4148 Galen.
403 4091 468 4144 Hist.
488 4093 548 4162 phil.
574 4097 627 4158 ΧΙ,
649 4115 674 4167 p.
699 4098 730 4152 33
751 4100 777 4161 F.
857 4117 860 4124 ·
1040 4161 1043 4170 ,
1067 4093 1069 4099 ⁴

658 4192 660 4200 ‘
1014 4191 1035 4232 ᾖ

969 4219 1011 4291 27
