2756 4912
433 407 470 453 ru
494 403 745 454 aursuocuau.
1075 392 1137 456 168

57 571 155 632 animis
174 572 261 654 quasi
278 545 474 646 vaticinatur,
497 569 633 654 fingens,
652 591 703 630 eas
724 568 797 630 olim
819 589 891 635 cum
911 569 971 633 lliis
992 572 1025 633 in
1046 573 1132 642 coelo

56 686 189 753 versatas,
215 697 289 736 mox
309 675 410 736 fractis
431 675 484 736 alis
500 677 534 736 in
548 687 659 738 terram
676 674 813 758 delapsas
827 696 900 736 esse.
941 677 1132 760 Empedoclis

54 787 146 862 lolam
165 787 263 864 Φυγὶς
283 791 332 848 eal
350 787 462 858 ὶλῆτης
480 782 613 844 Platonis
630 790 710 865 ψνχῇ
726 786 945 864 wenilonem
960 783 1063 844 similis
1076 796 1133 846 est.

54 888 175 970 lougius
201 908 271 949 vero
291 889 434 970 processit
454 889 661 966 hermannus,
690 909 787 974 quum
807 910 824 948 e
844 888 977 950 Platonis
998 890 1133 952 oratione

53 993 259 1076 Empedocleos
286 1015 386 1055 versus
405 1015 509 1056 eruere
529 1004 657 1054 conatus
678 1004 735 1070 est,
762 993 879 1055 llissert.
903 993 939 1054 de
961 993 1061 1055 officio
1081 994 1133 1056 iu·

52 1099 194 1180 terpretis‚
223 1120 254 1181 p.
285 1099 324 1160 10
344 1120 389 1184 sq.
415 1117 510 1182 quem
532 1102 602 1182 jure
631 1098 785 1182 redarguit
811 1098 943 1160 Boeclh.
964 1099 1132 1188 1111111111.

53 1204 109 1266 crit.
129 1203 260 1264 Berolin.
281 1202 405 1264 lanuar.
425 1202 514 1264 1835.
558 1207 639 1280 Quae
657 1203 741 1265 Plato
758 1203 797 1264 ab
812 1204 995 1288 Empedocle
1015 1203 1133 1266 deliba

52 1308 101 1384 vit,
125 1311 192 1392 jam
222 1307 428 1370 animadversa
456 1320 526 1370 sunt
548 1309 631 1370 Astio
658 1309 772 1370 Gomm.
794 1311 827 1370 in
848 1308 977 1371 Phaedr.
998 1331 1030 1392 p.
1053 1309 1133 1388 291,

53 1411 121 1490 294,
142 1414 183 1474 al.
194 1447 236 1458 -
246 1418 344 1497 Φυγᾰς
358 1421 456 1492 tellao,
474 1414 609 1476 similiter
622 1413 789 1496 Aeschylus
804 1413 881 1474 dixit
898 1415 1007 1498 doytl'
1019 1420 1131 1498 adparet

53 1525 107 1586 lala.
129 1520 213 1604 apud
234 1519 386 1582 Plutarch.
409 1521 447 1582 dc
467 1520 558 1583 Exsil.
580 1518 647 1579 vol.
668 1520 754 1596 Vlll,
777 1541 807 1602 p.
829 1519 890 1582 395
910 1542 955 1604 sq.
1000 1602 1003 1612 Ι

85 1628 128 1688 Vs
156 1626 189 1688 8.
238 1630 341 1694 11111111·
369 1633 520 1709 μαινομένῳ
551 1628 689 1700 πίσυνος.)
735 1633 863 1703 πίσυνος.
894 1627 914 1687 i·
946 1647 972 1688 e·
999 1647 1129 1708 perere,

52 1731 220 1812 assequens,
257 1743 292 1794 ut
321 1733 349 1793 vi
380 1743 518 1794 coactus:
552 1753 613 1818 qua
645 1733 868 1817 significatione
899 1743 979 1794 recte
1014 1736 1131 1817 accepit

51 1837 159 1898 Gesner.
185 1839 220 1898 in
241 1837 335 1921 Orph.
357 1838 472 1921 Argon.
494 1860 536 1901 rs.
559 1839 619 1901 263
641 1851 671 1900 et
691 1838 752 1900 705
775 1837 873 1922 (710).
916 1847 1018 1916 Nauae
1037 1847 1131 1920 ml.

50 1970 133 2020 μενοι,
156 1943 319 2005 Discussa
340 1945 477 2021 danem,
499 1944 603 2026 virgil.
624 1944 700 2005 Aen.
723 1945 778 2020 Vl,
801 1943 872 2006 280.

85 2051 143 2110 Vss.
165 2049 186 2110 9
207 2061 237 2110 et
258 2050 309 2110 10.
350 2057 421 2132 ἅμα,
441 2051 485 2116 lor’
498 2054 530 2116 ol
543 2057 656 2132 xpectas
668 2056 755 2127 eeu.)
782 2050 866 2111 Diem
879 2061 1052 2112 exsecratur
1065 2073 1128 2136 quo

51 2155 171 2233 primum
201 2157 331 2218 cruentis
358 2156 486 2239 dapibus
512 2168 542 2217 ct
569 2157 660 2218 caede
687 2179 716 2217 se
743 2155 912 2238 polluisset,
938 2157 1052 2239 quippe
1073 2156 1127 2240 qui

50 2259 159 2320 initium
180 2260 207 2320 ei
229 2261 368 2321 omnium
385 2262 536 2324 malorum
553 2263 666 2324 fuisset.
708 2261 786 2344 Apte
802 2259 834 2320 hi
855 2279 956 2320 versus
977 2259 1125 2344 quadrare

51 2361 114 2424 mihi
133 2365 274 2425 visisunt
290 2366 324 2426 111
344 2365 428 2426 hunc
451 2353 554 2428 locum
565 2414 574 2443 ‚
600 2366 653 2428 ubi
677 2377 712 2427 ut
731 2365 916 2448 reliquorum
940 2364 1126 2427 daemonum

52 2468 87 2538 sic
100 2491 183 2532 suam
205 2490 326 2555 quoque
344 2471 429 2531 sortis
449 2471 599 2532 miseriam
613 2469 760 2554 deplorat.
803 2470 916 2530 Tamen
931 2470 954 2530 si
969 2470 1126 2555 quisinter

51 2584 193 2657 κορμοὺς
218 2576 326 2638 referre
347 2576 449 2652 malit,
480 2586 516 2636 ut
534 2574 606 2637 seeit
626 2576 758 2638 Sturaius
768 2619 778 2652 ,
798 2572 877 2634 nihil
897 2573 1004 2635 obstat.

82 2697 173 2758 νηλεὲς
194 2685 263 2762 ἦμαρ
284 2681 457 2742 Homerices
479 2691 514 2741 ut
533 2680 570 2742 Il.
594 2697 630 2754 λ,
650 2678 721 2740 484.
738 2713 779 2726 -
797 2684 1125 2767 mscffmmmipsi

50 2806 96 2866 pro
119 2789 201 2870 vulg.
230 2791 407 2868 pacientes.
439 2808 511 2846 nam
542 2787 596 2848 etsi
620 2795 790 2866 pectentes
811 2792 891 2868 ’ἔργον
912 2803 992 2850 recte
1014 2788 1125 2850 dicitur
1216 2813 1219 2820 ·

48 2895 155 2972 saunas
171 2895 290 2969 moliri,
308 2897 475 2973 inceptare,
493 2901 596 2952 tamen
610 2903 724 2972 χείλεσι
737 2899 907 2972 μητίσασθαι
922 2913 1031 2977 parum
1045 2915 1123 2954 con·

49 3017 146 3078 gruum
156 3009 210 3076 est3
224 3001 429 3080 incongruum
441 2999 513 3060 item
524 2996 663 3059 additum
673 2999 755 3060 istud
765 3008 837 3081 περί,
855 2999 966 3060 lleiskii
979 3000 1123 3081 iuterpre-

48 3104 125 3180 tatio,
146 3105 256 3165 collide
276 3115 303 3164 ct
323 3104 481 3183 artificiose
503 3103 534 3184 (i.
556 3127 582 3165 e.
604 3111 679 3186 aspi)
698 3110 877 3167 committere
891 3105 1001 3166 scelere
1014 3105 1121 3180 tabiis,

48 3203 119 3267 haud
145 3207 296 3268 satisfacit.
338 3208 534 3290 Aptissimum
561 3222 665 3271 contra
692 3221 805 3292 χείλεσι
827 3218 1054 3292 massata,
1075 3209 1120 3270 uti

47 3309 115 3372 iussa
125 3335 165 3374 vs.
182 3313 258 3390 350,
280 3318 362 3396 Φρεσὶ
381 3323 611 3394 μαντεύσασθαι,
632 3317 686 3377 11111
706 3317 833 3378 verbum
853 3316 932 3376 istud
952 3317 1026 3377 ilem
1046 3314 1121 3376 ohli-

48 3425 162 3478 teratum
185 3429 257 3479 erat.
275 3418 433 3502 Significat
451 3433 567 3498 autem,
590 3423 725 3482 similiter
742 3434 776 3484 ut
788 3429 916 3503 palectu
933 3442 951 3480 a
965 3441 1026 3503 quo
1040 3419 1121 3482 deri·

48 3532 139 3584 ratum
160 3535 216 3601 est,
238 3535 387 3586 attrectare
393 3567 404 3596 ,
426 3536 509 3602 tum,
528 3529 671 3605 experiri,
687 3529 851 3607 inquiram
865 3527 1011 3610 posterior
1024 3525 1118 3608 signi-
1199 3556 1203 3563 ·

49 3623 137 3689 ficatio
167 3629 302 3722 usitatior
332 3631 476 3714 quidem,
509 3631 602 3692 altera
632 3641 734 3694 tamen
769 3653 833 3694 non
856 3633 957 3694 miuus
981 3628 1116 3716 propria.

50 3730 195 3819 laesaque
214 3743 302 3796 notat
320 3735 505 3818 Hesychius:
526 3745 673 3816 ματεύει·
694 3747 777 3822 ζητεῖ
790 3771 832 3786 -··
849 3741 985 3818 111111φᾷ.
1029 3737 1116 3798 Prae-

48 3839 143 3917 positic
154 3853 216 3924 „pt
230 3839 305 3902 huic
318 3840 410 3903 verbo
424 3842 538 3924 optime
553 3846 710 3926 congruit,
724 3850 837 3906 ciroteca
850 3853 1001 3906 1111111111
1014 3840 1114 3904 lobiis.

49 3940 83 4001 01.
101 3967 176 4028 quae
196 3956 340 4028 annotata
360 3957 431 4006 sant
452 3967 493 4007 vs.
515 3947 587 4010 350.

80 4049 123 4113 l's.
146 4051 179 4112 ll
204 4075 246 4138 sq.
287 4054 323 4134 ἐξ
344 4052 402 4128 aiae
419 4064 502 4132 τιμῆς
519 4052 603 4136 κτλ.)
645 4055 781 4118 Clemens
801 4055 823 4116 l.
840 4055 863 4117 l.
882 4055 957 4118 haec
974 4055 1060 4131 dicit,
1075 4055 1113 4116 de

829 4159 1210 4230 ·11*..

715 4377 725 4432 1
