2768 4916
409 431 495 482 vrrs
516 433 565 480 nr
587 431 733 481 munus.
1072 417 1114 482 21
1208 495 1211 509 ‚

16 621 17 660 ³
56 602 100 676 ille
112 602 232 674 montis
247 603 436 674 scissuram
451 595 681 688 obstruxerit,
698 595 915 672 Plutarchus
934 623 1006 672 uon
1018 597 1115 674 dicit.

54 726 85 796 ln
102 722 163 797 hoc
180 747 262 822 ergo
276 719 425 794 Timaeo
441 717 587 812 credere
603 717 700 810 licet,
719 719 975 817 Empedoclem
989 744 1117 819 expas-

54 849 87 918 sis
99 842 240 945 pellibus
256 842 404 917 asininis
418 843 561 916 hiatum
579 842 841 944 intersepsisse3
854 843 1001 919 credere
1018 869 1117 938 vero,

16 1037 17 1042 ,
54 993 153 1040 omues
176 963 281 1045 colles
304 978 342 1037 et
367 964 478 1039 saltus
514 965 650 1038 circum
673 963 803 1038 urbem
828 965 976 1040 utribus
995 965 1118 1042 ohteu·

54 1104 201 1184 teresse,
230 1085 365 1188 quibus
389 1083 495 1160 flatus
518 1083 683 1160 videlicet
704 1085 1116 1185 comprehenderentur,

54 1209 225 1284 absurdum
241 1219 258 1262 ⁵
267 1219 312 1290 3.,
335 1209 483 1282 Praeter
497 1207 575 1282 illos
588 1233 680 1308 quoe
696 1206 865 1298 diximus,
881 1207 1006 1308 plures
1018 1207 1116 1286 idem

56 1332 126 1406 ilud
141 1335 278 1408 factum
296 1333 395 1409 varic
414 1330 582 1404 referunt
597 1337 655 1403 ⁵⁴.
706 1329 821 1402 Tanta
837 1341 962 1404 autem
977 1331 1031 1406 rei
1046 1331 1116 1406 ad·-

55 1456 168 1529 miratio
185 1454 278 1548 fuit,
292 1468 337 1530 ut
355 1449 586 1552 Empedocles
601 1463 790 1550 propterea
806 1451 1043 1548 καλυσαιέμας
1056 1453 1117 1530 vel

56 1575 242 1676 ιἰαξανέμας
258 1578 284 1652 i.
308 1603 342 1651 e.
365 1588 527 1652 ventos
552 1571 739 1647 arcendi
763 1573 957 1668 artifex,
979 1599 1117 1675 cogno·-

16 1733 17 1736 ¹
55 1701 182 1774 minatus
206 1701 252 1774 sit
271 1707 290 1754 ⁵
296 1708 330 1771 ⁵.

89 1821 240 1897 Alterum
263 1818 473 1920 exemplum
496 1833 533 1893 et
553 1815 771 1893 liberalitatis
791 1815 869 1916 ejus
891 1832 928 1892 et
948 1820 1118 1896 scientiae

59 1967 151 2016 rerum
173 1945 400 2020 naturalium
419 1941 487 2016 hoc
507 1955 585 2036 est,
616 1939 715 2042 quod
739 1965 761 2014 e
784 1938 942 2016 Diodoro
960 1940 1121 2042 Ephmio

83 2195 121 2263 (ll)
134 2199 292 2256 Isvossius.
312 2207 381 2252 teste
399 2197 518 2265 Mensgio
536 2197 644 2250 observ.
662 2194 701 2248 ad·
714 2195 801 2248 biert.
820 2195 840 2246 1.
856 2196 872 2246 Ι.
890 2213 914 2265 p
933 2195 992 2255 ³80,
1005 2199 1118 2268 putabet

61 2282 165 2351 diogenem
188 2290 216 2340 in
236 2289 343 2342 Timaeo
365 2305 502 2358 perperam
522 2305 574 2358 pro
597 2290 751 2358 διασφάγας
769 2285 862 2357 ὄρσας,
887 2289 980 2338 montis
997 2287 1118 2354 [ismae.

61 2389 92 2440 Per
106 2372 161 2447 quis
181 2381 266 2432 austri
291 2380 369 2450 ssatus
393 2380 612 2444 immitterentur,
640 2381 729 2447 legisse
751 2381 900 2442 διασφάεας
919 2376 1009 2442 ὅνους,
1031 2381 1119 2430 mair

60 2471 159 2535 sutum
181 2469 243 2522 inde
266 2469 379 2538 lepidam
398 2470 471 2519 istam
490 2469 610 2522 fabellam
629 2470 662 2524 de
682 2472 786 2524 asininis
806 2470 918 2542 pellibus
938 2479 1026 2522 ustam
1051 2485 1114 2526 esse.

61 2553 182 2622 Coniectura
197 2561 316 2628 speciosa
327 2575 398 2615 sane,
408 2574 458 2610 nec
469 2559 648 2628 imprchshilis
661 2561 717 2613 risa
729 2545 841 2624 sturno,
850 2578 875 2629 p.
887 2561 918 2614 tr
931 2577 968 2630 sq.
976 2567 1005 2614 et
1014 2559 1121 2615 (idllero

60 2641 162 2700 inlinaei
172 2650 264 2716 fragm.
276 2667 306 2718 p.
316 2647 373 2702 235.
391 2652 424 2702 It
434 2667 498 2702 vero
507 2651 557 2702 ista
566 2651 647 2706 verbe
656 2655 726 2706 inter
736 2670 762 2706 se
771 2654 914 2723 permutari
923 2669 975 2704 non
984 2660 1118 2722 poteraut,

60 2732 91 2782 nisi
99 2743 146 2788 tota
156 2740 229 2803 simul
241 2739 373 2790 sententia
382 2739 582 2791 immutaretur:
596 2747 627 2792 ut
637 2740 681 2792 vix
693 2739 817 2794 credibile
827 2752 860 2794 ιιι
870 2743 896 2793 in
908 2741 986 2793 talem
999 2757 1117 2794 errorem
1134 2751 1136 2756 “

61 2819 147 2878 inridere
160 2828 303 2895 Diogenem
321 2827 443 2897 potuisse.

81 2935 125 3004 (ll)
139 2942 226 2996 Snidas
243 2943 272 2994 in
291 2961 318 2995 v·
337 2942 452 3014 ἄπνους,
471 2945 658 3008 convenienter
675 2945 797 3015 Diogeni3
813 2949 919 3002 idemin
939 2946 1119 3012 ’Λμὺκλαιιι

62 3024 238 3106 Ἐμπεδοκλῆς,
250 3036 356 3088 muniis
368 3037 460 3097 verbis.
472 3037 563 3090 eadem
576 3036 718 3100 sententiai3
735 3037 852 3094 Clemens
864 3041 935 3094 Alex.
949 3041 992 3092 cit.
1005 3047 1061 3092 not.
1071 3037 1119 3102 σος

61 3116 215 3189 Philostratus,
233 3127 280 3180 vit.
300 3126 505 3195 spetiosum,
527 3145 548 3180 c.
571 3143 594 3190 7,
611 3144 631 3179 ι.
646 3129 670 3192 8,
690 3135 792 3184 tansum
812 3131 889 3184 dicit:
908 3131 1122 3200 Ἐμσασιφέλης

61 3209 133 3281 ἀνέσχε
142 3221 223 3288 φορὰν
234 3217 279 3270 ἔστ’
299 3217 540 3288 Ἀκραγαντίνους
549 3221 685 3290 ῥαγείσης.
698 3219 806 3272 ductum
818 3223 882 3275 illud
894 3224 1005 3277 fortasse
1016 3243 1030 3277 e
1040 3227 1118 3276 versi·

62 3303 103 3354 ulo
111 3310 214 3377 quodam
224 3313 251 3362 in
262 3311 453 3380 Empedoclem.
467 3313 605 3364 Caeterum
614 3313 722 3366 eandem
733 3329 789 3364 rem
799 3313 833 3364 ab
842 3331 873 3364 eo
882 3313 1033 3382 significari,
1048 3323 1120 3368 recte

62 3391 256 3454 iudicaiSturzius
274 3417 300 3468 p.
319 3400 364 3466 ha,
383 3401 507 3472 quoniam
523 3411 612 3455 auster
627 3401 746 3456 imbrifer
761 3418 817 3454 esse
833 3402 922 3456 soleat.

85 3507 287 3578 (turrenorum
304 3514 367 3578 hoc,
395 3524 503 3584 praeter
511 3517 659 3586 'scriptores
677 3515 754 3568 modo
772 3514 907 3578 laudatos,
931 3516 1020 3586 plures
1036 3521 1088 3586 jam
1104 3541 1121 3574 a

64 3596 165 3666 limagio,
183 3603 304 3674 Stumio,
321 3604 429 3674 aliisque
445 3604 567 3658 iudicati:
597 3605 741 3676 Hesychius
760 3625 783 3660 v.
801 3608 1000 3672 κωλασαιὲμας.
1028 3609 1120 3662 Suidas

64 3701 81 3738 V·
93 3694 157 3762 duod.
175 3698 291 3752 Eustath.
311 3697 358 3749 Od.
376 3717 400 3766 κ,
416 3716 444 3767 p.
457 3697 533 3763 16453
550 3699 656 3752 Tzetzes
671 3699 735 3753 Chii.
750 3704 792 3760 11.
806 3705 869 3770 8983
890 3703 937 3760 1v,
952 3701 1016 3766 ὃσὸς
1034 3699 1120 3756 Schol.
1165 3682 1166 3690 ἵ

65 3777 160 3854 hermog.
173 3808 198 3860 p.
215 3791 279 3855 3833
296 3790 456 3843 lamblichus
471 3790 517 3842 rit.
533 3790 640 3856 Pytha
660 3789 721 3853 1353
737 3791 895 3860 Porphyrius
911 3793 974 3844 ibid.
993 3795 1007 3856 ἦ
1024 3809 1065 3864 29.
1097 3797 1119 3846 Δ

65 3869 139 3928 duobus
157 3882 290 3950 postremis
314 3883 483 3946 ἀλεεανέμας
499 3888 615 3934 vocatur.
648 3883 680 3932 In
699 3879 834 3934 Plutarchi
852 3877 969 3952 Sym'pos
987 3885 1069 3948 VIII,
1087 3884 1120 3948 8,

66 3975 211 4038 “aucesium
226 3974 277 4027 dici
293 3976 410 4036 videtur,
429 3989 588 4044 quamquam
601 3970 636 4022 de
651 3970 764 4023 lectione
783 3972 862 4042 hujus
879 3973 930 4024 loci
947 3991 999 4025 non
1010 3982 1122 4028 constare

67 4054 298 4120 columbinam
316 4067 522 4129 κωλυσανέμας,
539 4063 723 4131 dietarium,
740 4080 790 4131 pro
807 4082 859 4134 qua
876 4063 1008 4117 interdum
1024 4064 1119 4132 legitur

68 4148 167 4222 -ἀαμις,
183 4157 318 4215 vindicavit
336 4157 506 4212 Valckenaer.
523 4157 551 4208 in
571 4149 660 4224 mrip.
679 4155 775 4208 Phoen.
792 4169 831 4208 ss.
853 4172 905 4207 120.
