2768 4910
460 426 701 474 PHILOSOFHU.

534 719 554 801 ς
576 721 632 782 22.

88 961 127 1033 Si
157 979 277 1031 caussa
304 969 500 1056 quaeratur
528 983 601 1056 qua
627 955 775 1030 sactum·
794 957 838 1030 sit
864 959 967 1030 utin
988 960 1125 1034 mundo

38 1085 234 1154 innumera
260 1078 349 1151 haec
377 1103 552 1176 generum
576 1103 616 1150 ac
639 1091 853 1151 naturarum
875 1077 1070 1154 multitudo
1090 1097 1126 1156 et

39 1203 195 1276 varietas
231 1201 418 1292 exstiterit,
458 1197 690 1298 Empedoclea
725 1199 864 1272 nullam
895 1199 1000 1274 aliam
1025 1202 1127 1276 affert

39 1325 111 1396 nisi
138 1322 402 1396 elementorum
425 1321 519 1394 inter
538 1347 575 1394 se
597 1321 815 1394 mistionem:

144 1448 205 1518 τῶν
230 1441 271 1520 δέ
294 1471 333 1517 τε
356 1444 585 1541 μισγομένων,
610 1447 703 1544 χεῖτ’
727 1441 817 1519 ’ἔθνεα
840 1447 941 1542 μυρία
965 1445 1078 1536 θνητῶν

143 1567 297 1662 παντοίῃς
323 1562 453 1660 idioma
470 1563 631 1662 ἀρηρότα,
659 1563 771 1658 θαῦμα
795 1563 919 1642 ἰδέσθαι
939 1577 956 1620 ⁵
963 1571 994 1644 ⁶.

40 1693 166 1764 Inerat
192 1689 309 1778 enim,
338 1701 516 1784 utsupra
549 1685 722 1776 vidimus,
755 1688 792 1758 in
828 1689 911 1786 ipsis
943 1690 1127 1766 elementis

42 1811 159 1884 vitalis
190 1809 258 1900 vis,
293 1833 387 1907 quae
416 1819 542 1904 sponte
570 1832 632 1879 suo
659 1805 794 1901 effecit,
821 1823 863 1882 ut
892 1812 1009 1884 variae
1044 1815 1126 1886 ani·-

41 1946 182 2005 mantes
217 1929 388 2029 variaque
417 1925 766 2027 corporaprincipio
797 1931 1022 2026 exsisterent,
1053 1961 1125 2009 uon

41 2054 88 2126 ob
120 2050 310 2136 utilitatem
343 2049 500 2148 aliquam
529 2075 597 2122 nec
623 2064 719 2122 certo
747 2052 890 2124 consilio
919 2055 1058 2128 condita
1089 2072 1127 2130 et

41 2176 215 2264 formata,
249 2171 311 2244 sed
342 2169 438 2244 ultro
477 2197 517 2242 ac
551 2169 706 2244 naturali
740 2171 898 2272 quodam
935 2175 1124 2271 instinctu,

42 2295 165 2395 prouti
189 2294 307 2370 variae
332 2293 594 2368 elementorum
619 2312 738 2392 partes
763 2295 868 2372 variis
897 2295 1008 2370 modis
1032 2297 1127 2372 inter

44 2443 80 2490 se
122 2431 400 2510 concurrerent,
432 2414 496 2504 ’ὅπη
530 2417 721 2515 συνέκυρσεν
757 2415 890 2494 ἕκαστα
920 2424 975 2495 ⁵⁷.
1026 2419 1127 2512 Quin

43 2539 151 2611 etiam
174 2563 216 2612 ea
239 2539 329 2637 ipsa,
354 2539 392 2610 in
417 2539 551 2638 quibus
576 2553 715 2614 certum
737 2542 891 2642 agnoscit
911 2543 1127 2640 compositio·

44 2662 98 2733 nis
132 2659 282 2742 modum
315 2674 521 2762 certamque
565 2675 799 2754 structuram,
830 2662 983 2740 veluti
974 2689 1013 2736 m
1045 2689 1130 2736 san·

44 2782 174 2879 gome,
193 2808 311 2876 carne,
329 2782 464 2857 ossibus
478 2783 731 2882 describendis,
751 2799 873 2858 tamen
893 2785 985 2856 forte
1007 2785 1166 2858 coiisse
1184 2773 1195 2914 l
1299 2863 1301 2868 ,

46 2902 253 2998 arbitratum
278 2918 323 2978 ut
344 2906 419 3005 ipsa
445 2905 578 3008 quibus
604 2907 722 2980 utitur
738 2905 921 2998 vocabula,
887 2881 1129 3003 συνέκυρσε,
1189 2913 1198 3027 l

45 3028 178 3126 ἔλαχε,
204 3025 378 3127 τυχόντα,
405 3028 565 3102 indicant
589 3031 630 3080 ⁵⁸
699 3029 828 3127 Itaque
855 3029 1025 3104 universe
1054 3055 1128 3102 non
1195 3039 1200 3110 ἱ
1364 3119 1368 3130 Γ

45 3149 150 3242 ratio,
170 3174 245 3220 non
262 3149 409 3247 provida
428 3175 546 3246 meus,
565 3150 626 3224 sed
646 3147 846 3222 naturalis
836 3151 1044 3241 instinctus,
1057 3151 1130 3224 fors
1147 3171 1213 3262 πίῃ
1192 3171 1231 3204 l
1211 3153 1367 3249 aa]

47 3269 105 3343 vel
128 3271 333 3362 necessitas,
364 3272 566 3345 secundum
583 3269 837 3370 Empedoclem
864 3297 967 3344 suam
995 3271 1129 3371 cuique

48 3392 168 3487 generi
198 3389 366 3464 naturam
394 3391 620 3490 figuramque
647 3389 774 3463 tribuit
803 3397 860 3468 ⁵⁹.
916 3394 1021 3486 Quae
1044 3417 1130 3468 vero
1172 3442 1175 3448 ·

48 3511 98 3581 ita
122 3511 219 3586 ultro
244 3537 289 3584 ac.
305 3525 440 3586 temere
465 3511 702 3606 exstiterunt,
736 3537 777 3587 ea
807 3539 911 3612 porro
936 3515 1034 3590 varie
1057 3513 1131 3586 fin-

50 3644 141 3728 gunt
174 3647 212 3706 et
247 3647 398 3708 tractant
434 3633 558 3708 ambae
585 3632 665 3708 illae
703 3635 832 3709 mundi
847 3689 849 3696 ,
867 3635 1129 3729 moderatrices,

51 3753 209 3828 Amicitia
248 3770 284 3830 et
317 3755 508 3830 Discordia.
560 3756 718 3832 Eaedem
754 3758 852 3830 enim
888 3759 998 3853 vires,
1036 3783 1130 3856 quae

84 3941 137 4011 (56)
153 3947 259 4016 Emped.
279 3965 316 4000 va.
338 3951 383 4001 reo
405 3967 443 4020 sq.

85 4031 139 4098 (57)
158 4036 234 4089 Idem
254 4055 292 4091 va.
311 4038 367 4091 aas.
468 4022 539 4118 55?
569 4041 602 4075 ²²

88 4120 138 4184 (58)
159 4125 232 4180 Idem
252 4145 302 4183 vsa.
324 4145 385 4192 aaa,
407 4127 471 4191 215,
492 4128 548 4182 adr.
