2768 4916
146 1761 377 1833 Acarnanum
403 1759 568 1858 rapientia
590 1759 683 1833 sama
705 1759 776 1859 jam
798 1772 882 1832 ante
906 1757 1042 1860 aliquot
1064 1759 1180 1833 secula

100 1903 284 1979 doctorum
319 1904 511 1978 hominnm
545 1906 845 2005 exspectationem
870 1906 981 1981 movit
1006 1917 1043 1978 et
1064 1903 1180 1978 studia

100 2048 276 2125 excitavit.
328 2053 460 2147 Aqno
495 2048 579 2123 inde
611 2063 774 2150 tempore
808 2051 1037 2152 antiquarum
1060 2049 1181 2123 litera-

99 2220 182 2268 ram
206 2209 242 2269 et
265 2193 505 2294 philosophiae
529 2195 709 2296 disciplina
736 2195 928 2276 instaurari
949 2195 1082 2294 coepit,
1095 2195 1182 2267 Em·

1 2403 2 2408 ,
100 2339 251 2439 pedoclia
281 2365 415 2414 nomen
450 2354 485 2413 et
515 2340 641 2439 placita
673 2341 711 2412 in
738 2339 889 2439 publicis
913 2337 1037 2414 scholia
1060 2339 1181 2413 incre-

1 2533 2 2536 =
101 2484 231 2580 buere3
269 2487 424 2560 fuerunt
469 2487 571 2580 aden,
616 2436 675 2562 ut⁶
693 2487 925 2586 Mongitoriua
960 2498 1098 2577 narrat,
1142 2485 1181 2557 in
1300 2447 1304 2458 ⁸

3 2717 4 2732 χ
101 2627 333 2704 celeberrimis
369 2600 584 2723 academiis,
604 2623 793 2707 'Lemniae
827 2645 863 2704 et
893 2632 930 2702 in
961 2629 1180 2719 Brittannia,

102 2778 220 2874 quiae
244 2773 497 2873 Empedoclem
521 2775 826 2874 profiterentur1.
877 2773 946 2848 Sed
972 2772 1100 2847 horum
1125 2773 1183 2846 oo·
1247 2813 1250 2818 ·

103 2932 204 2993 natue
239 2918 387 3018 siquid
419 2919 564 2992 fortasse
596 2919 640 2993 ad
664 2919 892 3021 physicorum
916 2921 1098 2994 scientiam
1122 2932 1181 2991 at-
1257 3001 1260 3005 ,

102 3063 248 3138 tulerint
280 3064 531 3157 emolumenti,
563 3065 629 3164 ipsi
654 3063 877 3163 Empedoclis
901 3063 1024 3138 Musae
1048 3089 1181 3162 parum

104 3205 187 3281 lucia
219 3207 437 3283 attulerunt.
501 3208 588 3283 Plus
624 3211 774 3310 proiecit
810 3209 855 3283 H.
896 3209 1112 3308 Stephani
1147 3221 1183 3280 et

44 3391 47 3398 ⁴
104 3351 134 3425 J.
166 3355 385 3456 Scaligeri
407 3379 528 3455 opera,
553 3381 711 3456 quorum
735 3355 794 3430 ille
818 3360 857 3430 in
879 3355 996 3429 Podai
1016 3355 1181 3452 phileae·
1253 3370 1258 3382 ·

12 3545 13 3574 i
75 3563 89 3606 ,
100 3499 211 3592 phire
241 3502 425 3602 complura
458 3503 553 3578 illius
587 3506 784 3604 fragmenta
819 3503 945 3596 edidit,
979 3503 1037 3576 hic
1068 3500 1184 3579 mnlto

13 3660 15 3708 l
104 3644 266 3744 majorem
301 3651 459 3748 copiam,
496 3650 540 3723 ad
576 3663 751 3724 trecentos
786 3650 872 3724 adeo
897 3665 932 3724 et
957 3652 1181 3750 septuaginta

105 3805 241 3889 versae,
265 3799 304 3869 in
330 3797 530 3871 adversaria
555 3797 737 3897 congessit.
790 3795 858 3870 Sed
872 3794 1090 3895 Scaligerana
1107 3789 1181 3866 col-
1272 3839 1275 3844 ·

132 4055 170 4122 (ι)
187 4059 244 4112 llid.
266 4061 439 4128 Mantitoriua
456 4063 519 4115 Sibl.
535 4063 584 4114 Sic.
602 4079 625 4116 v.
644 4062 814 4130 Empedoclea.
837 4077 861 4130 p.
885 4060 937 4123 ¹73-
1060 4069 1063 4078 ¹
