2768 4910
653 413 700 460 DE
723 411 942 462 nmnnocms

747 710 862 836 §aa

313 997 315 1002 '
339 1013 387 1076 nu
406 1013 525 1076 amm
544 1013 740 1094 aaronem
759 1001 1000 1082 utrumnum
1019 1016 1253 1080 concursus·

306 1190 485 1264 Mundum
513 1193 630 1286 hunc,
651 1196 795 1297 qualem
820 1198 1016 1292 cernimus,
1038 1195 1197 1287 coelum,
1219 1219 1313 1282 mare,

232 1328 388 1404 terras,
422 1313 658 1417 coelestiaque
691 1320 811 1391 omnia
842 1333 879 1392 et
907 1319 1086 1392 terrestria
1114 1341 1188 1389 non
1219 1306 1314 1388 subito

260 1463 301 1508 ac
325 1437 450 1512 divina
475 1437 635 1534 virgulti,
668 1454 711 1513 ut
735 1441 858 1539 ajunt,
887 1438 1119 1538 Empedocles
1143 1433 1314 1509 formatum

260 1554 395 1647 voluit3
432 1558 493 1632 sed
525 1561 830 1662 quemadmodum
866 1588 886 1633 n
921 1561 1036 1660 primo
1071 1583 1198 1632 rerum
1230 1581 1315 1629 exor-

259 1681 319 1753 dio
349 1680 447 1756 aliud
480 1705 525 1756 ex
560 1684 627 1757 alio
662 1684 854 1776 exstitisse,
887 1684 1047 1782 primum
1075 1677 1316 1779 sphaeram,c

261 1802 410 1902 sphaera
436 1802 610 1880 elementa
622 1859 632 1898 ,
657 1831 703 1880 ex
730 1805 915 1878 clementis
940 1817 1091 1876 naturae
1115 1799 1242 1874 molem
1262 1799 1317 1870 fin-

262 1924 337 2018 xit,
361 1925 408 1998 ita
433 1951 537 2024 porro
567 1951 612 2001 ex
636 1925 807 2026 indigesta
832 1925 891 1999 illa
918 1925 1011 2000 mole
1034 1949 1108 1997 uon
1133 1921 1247 1996 subito
1264 1921 1318 2014 (ads

265 2050 359 2145 ἄφαρ
375 2048 435 2147 ⁶⁶)
462 2047 644 2122 mundum
671 2048 839 2123 effectum
865 2049 1022 2148 putavit,
1053 2043 1160 2117 seda
1189 2041 1317 2116 rudibus

264 2184 430 2271 coeptum
461 2171 569 2243 initiis
595 2168 781 2268 paullatim
810 2168 1046 2269 compositum
1073 2191 1149 2240 csse
1176 2165 1213 2236 in
1241 2163 1318 2236 hunc

154 2335 157 2342 ⁴
265 2291 430 2368 ordinem
457 2317 567 2392 quem
600 2290 793 2367 cernimus.
844 2293 992 2393 Itaque,
1020 2301 1200 2389 quantum
1234 2279 1319 2358 edi-

266 2415 393 2512 spersis
410 2414 547 2488 indiciis
571 2413 684 2512 colligi
707 2412 808 2506 licet,
826 2413 1008 2488 mundum
1035 2433 1165 2510 resque
1193 2420 1319 2480 naturae

266 2535 325 2607 tali
349 2534 426 2607 sere
447 2533 551 2608 modo
570 2548 646 2607 orta
668 2547 704 2606 et
727 2534 874 2608 formata
901 2533 1037 2606 cecinit.

316 2657 467 2748 »Quum
510 2654 685 2729 elementa
723 2681 833 2728 suum
873 2653 1044 2756 quodque
1076 2651 1194 2726 locum
1225 2646 1321 2724 sortita

267 2773 455 2849 Amicitiae
476 2777 514 2848 in
538 2771 653 2851 medio
679 2778 833 2854 sedentis
853 2779 889 2855 vi
917 2776 1054 2850 misceri
1077 2769 1320 2874 coepisscut⁶⁷‚

266 2899 426 2999 primum
456 2897 624 2973 deformis
655 2901 727 2974 fuit
754 2914 904 2974 naturae
928 2900 1047 3004 facies:
1078 2913 1171 2972 terra
1193 2895 1321 2967 humore

268 3018 433 3120 persusa3
469 3021 607 3096 coelum
640 3021 840 3121 promiscue
869 3021 945 3118 igni
973 3034 1009 3094 et
1033 3025 1115 3094 aere
1139 3015 1319 3092 conflatum.

267 3143 343 3216 Nec
373 3141 424 3216 sol
457 3167 578 3242 neque
609 3142 696 3216 luna
729 3168 796 3216 neo
828 3142 964 3243 reliqua
994 3140 1107 3214 sidera
1141 3136 1321 3238 fulgebant,

269 3264 413 3338 nullum
444 3263 514 3339 diei
539 3278 575 3337 et
598 3261 728 3359 noctis,
764 3263 909 3337 nullum
933 3264 1018 3336 anni
1043 3276 1243 3362 temporum
1265 3257 1321 3329 dis-

268 3370 415 3462 crimen.
455 3386 596 3475 vTellus
611 3388 697 3460 item
726 3385 843 3460 nullas
867 3384 1004 3460 ferebat
1028 3383 1245 3474 animantes,
1271 3376 1321 3450 nisi

269 3509 396 3584 herbas
413 3525 449 3584 ct
469 3508 638 3608 virgulta,
661 3533 755 3609 quac
778 3519 903 3605 sponte
926 3533 991 3580 sua
1015 3505 1117 3580 nullo
1134 3505 1212 3580 solis
1229 3501 1322 3576 calore

271 3630 534 3706 effloresccbant
547 3631 603 3700 ⁶⁸.
646 3627 836 3703 Paullatim
856 3652 941 3702 vero
962 3627 1113 3708 aetheris
1130 3630 1323 3701 circumactu

272 3767 308 3826 et
329 3753 591 3828 clementorum
615 3763 716 3824 motu
739 3774 784 3822 ex
805 3749 868 3822 ista
891 3749 1101 3825 confusione
1122 3748 1204 3824 ordo
1225 3758 1322 3819 natus.

304 3929 363 3995 (66)
380 3927 485 3998 Emped.
503 3945 538 3980 vs.
560 3942 615 3990 ¹70·

304 4019 361 4086 (67)
377 4017 482 4088 Emped.
502 4035 539 4071 vs.
562 4017 615 4070 168.

305 4109 362 4178 (68)
380 4107 436 4160 vid.
456 4106 562 4159 inferius
580 4125 633 4178 sqq.
652 4106 690 4176 ἓξ.
