2768 4916
445 425 530 474 ἩΤΑ
554 427 599 473 ΕΤ
622 425 768 473 crunno.
1106 415 1146 472 55

72 599 109 666 tis
139 617 254 685 vena,
286 590 384 666 unde
415 592 574 667 celsiores
605 617 772 696 quaeque
806 590 851 667 de
883 591 990 667 rebus
1014 589 1144 670 divinis

72 714 309 816 humanisque
326 715 487 790 notiones
505 730 688 790 emanant:

207 835 344 934 βαθεῖαν
361 838 471 916 ἄλοκα
486 836 547 916 δια
561 841 676 938 Qube
693 845 938 939 καρπούμενος,

207 959 246 1052 ἐξ
265 956 301 1052 ἧς
326 962 374 1038 τα
402 961 503 1041 etot
529 961 719 1059 βλαστάνει
745 963 975 1062 βουλεύματα.

553 1235 574 1317 ς
596 1235 650 1297 ro.

112 1449 278 1522 Diximus
296 1448 342 1524 de
363 1455 441 1549 ejus
463 1448 678 1540 doctoribus,
703 1475 817 1549 pauca
841 1448 1003 1527 addenda
1021 1449 1068 1525 de
1090 1448 1145 1522 la·

70 1567 262 1643 miliaribus
283 1570 378 1670 ejus,
400 1593 559 1673 quorum
581 1571 766 1673 praecipui
785 1572 825 1646 hi
847 1583 1109 1647 memorantur:
1186 1579 1190 1586 ’

110 1693 293 1783 Acron,
314 1691 478 1767 Xenonis
496 1693 544 1767 fit
565 1693 845 1794 Agrigentinus,
878 1691 1009 1770 nobilis
1035 1692 1145 1768 medi·

68 1837 142 1902 cus,
174 1812 283 1912 cujus
315 1815 354 1886 in
384 1815 562 1890 narranda
582 1816 808 1917 Empedoclis
835 1815 908 1895 vita
927 1817 1151 1891 mentionem

70 1933 228 2010 lecimus.
259 1937 421 2016 Juvenes
441 1939 546 2012 ambo
563 1939 601 2011 in
623 1964 701 2038 rep.
723 1940 818 2014 inter
833 1965 872 2014 se
887 1936 1150 2031 obtrectarunt3

9 2147 10 2154 ἵ
69 2069 181 2153 postea
209 2058 359 2134 Athenis
383 2060 490 2165 simul
513 2059 694 2133 doetrinae
717 2059 834 2135 studia
854 2059 1048 2135 coluenrnt
1067 2065 1147 2131 ¹⁵⁷.

8 2225 10 2270 2
112 2179 413 2288 Pausanias,
439 2181 583 2256 Anchiti
603 2181 713 2273 filine,
735 2179 886 2272 Gelono,
911 2179 1017 2280 cnjus
1042 2205 1152 2280 supra

8 2289 10 2300 '
70 2300 150 2372 item
168 2302 391 2376 mentionem
410 2303 490 2376 feci.
528 2301 615 2376 Fuit
636 2301 752 2392 dives,
771 2299 908 2373 medica
924 2312 1001 2373 arte
1016 2297 1154 2390 clarus,

7 2439 9 2494 ᾳ
70 2421 273 2521 Empedocli
288 2436 372 2497 ante
387 2423 471 2497 alios
486 2449 600 2515 carus,
611 2423 677 2526 qni
693 2421 780 2495 huic
795 2419 971 2497 dedicavit
984 2417 1091 2494 libros
1105 2418 1151 2494 de

71 2569 190 2616 rerum
212 2557 358 2640 natura,
380 2560 424 2620 ut
447 2545 559 2644 ipsius
582 2567 706 2618 versus
728 2555 896 2638 testatum
912 2541 1030 2618 eidem
1046 2567 1151 2616 mon·
1203 2539 1209 2553 '

7 2677 8 2686 ’
70 2678 191 2739 strasse
222 2664 357 2740 dicitur
390 2680 503 2741 artem
536 2693 609 2768 qua
642 2666 699 2757 ru
736 2664 861 2741 itureos
882 2665 1080 2756 sanaverit,
1106 2677 1151 2737 ut

71 2799 188 2859 auctor
205 2799 259 2860 est
274 2785 476 2860 Heraclides
496 2791 575 2859 ²⁵⁸:
603 2786 705 2861 unde
725 2785 893 2862 nonnulli
913 2785 1151 2885 collegerunt,

72 2895 280 2981 Pausaniam
305 2933 385 2982 rem
407 2909 511 2982 istam
536 2889 646 2984 literis
673 2909 874 3001 mandasse,
898 2906 944 2980 ab
966 2905 1033 2980 hoo
1056 2905 1152 2983 hau-

7 3101 8 3112 ,
72 3029 148 3104 sisse
166 3027 407 3125 Heraclidem3
425 3031 483 3105 alii
503 3031 624 3131 ipsum
643 3029 898 3130 Empedoclem
914 3035 991 3102 ¹⁵⁹:
1012 3044 1152 3104 utrum·

73 3251 126 3284 curn
137 3245 164 3288 et
175 3235 318 3306 Orphicum
335 3237 489 3308 appellantis
500 3239 655 3306 (Comment.
671 3238 699 3289 in
713 3237 818 3290 trium.
830 3235 974 3308 Metaphl'.
988 3240 1004 3289 8
1016 3239 1044 3297 Β,
1057 3236 1089 3290 3ο
1102 3213 1152 3304 lt),

73 3339 143 3390 quam
159 3343 193 3378 ex
212 3327 291 3397 ipsius
309 3329 453 3380 carminum
472 3329 589 3398 vestigiis.

100 3411 169 3478 (157)
186 3417 245 3472 vit
260 3419 363 3483 lliogen.
382 3419 470 3472 Ladrt.
482 3419 558 3484 vm,
575 3418 622 3485 653
640 3419 730 3473 Soidaa
745 3421 775 3472 in
790 3417 907 3490 Ἄκρον.
939 3415 1074 3484 Menagius
1090 3415 1151 3470 Oba.
1224 3455 1226 3460 -

73 3502 152 3556 laert.
170 3523 199 3576 p.
214 3507 271 3560 380.
304 3509 444 3576 ttongttori
463 3507 526 3562 Bibl.
546 3510 595 3562 Sic.
611 3510 640 3561 in
657 3526 682 3565 v.

102 3593 173 3662 (158)
190 3597 249 3649 tud.
267 3597 340 3664 Diog.
357 3597 445 3650 Lae'rt.
462 3599 541 3662 v111,
558 3597 606 3659 60,
624 3598 666 3653 61.
682 3599 801 3651 Timaeus
818 3600 881 3651 ibid.
900 3615 941 3664 71.

102 3683 171 3753 (159)
189 3686 264 3738 Prius
283 3687 378 3738 horum
397 3689 496 3757 placuit
511 3688 539 3741 P.
559 3689 644 3741 Petito
662 3688 733 3758 apud
754 3691 917 3756 Menagiurn,
937 3689 1042 3741 Obserr.
1061 3688 1150 3740 Ledrt.

75 3772 186 3826 Procem.
204 3793 230 3845 p.
248 3793 278 3844 93
296 3779 423 3844 posterius
441 3779 543 3832 Sturaio
562 3777 667 3849 Emped.
688 3796 714 3848 p.
734 3779 775 3831 62.
809 3781 927 3851 Uterque
945 3778 1011 3830 illud
1021 3779 1107 3831 effecit
1117 3795 1150 3830 ex

75 3861 109 3912 hit
126 3863 221 3918 Ia'e'rtii
238 3869 339 3923 verbis:
355 3870 504 3937 Παυσανίᾳ
523 3871 721 3941 ὑφηγήσασθαι
739 3872 825 3926 αὐτὸν
840 3875 876 3924 τὰ
888 3874 955 3942 περὶ
971 3875 1022 3940 τὴν
1036 3870 1149 3923 ἄπνουν·

76 3969 136 4022 quae
144 3955 186 4007 alii
198 3957 234 4008 sic
245 3959 412 4030 interpretati
423 3971 501 4027 sunt,
512 3963 694 4034 Empedoclem
709 3966 742 4016 ad
754 3965 905 4017 Pausaniam
917 3963 968 4018 hac
979 3964 1012 4016 de
1026 3980 1056 4016 re
1068 3963 1151 4032 scrip·

77 4043 142 4108 tisse3
152 4048 193 4099 alii
203 4087 210 4112 ‚
222 4049 374 4104 Pausaniam
386 4056 475 4108 audita
486 4056 521 4108 ab
532 4055 689 4128 Empedocle
701 4055 783 4107 literis
796 4055 944 4124 prodidisse.
978 4054 1028 4108 Sed
1043 4055 1156 4123 imarus

79 4143 172 4191 larem
187 4141 306 4195 universe
325 4153 398 4197 notat
416 4155 567 4204 monstrare,
587 4150 745 4217 praecipere,
766 4149 871 4200 edocere.
