2768 4916
443 413 528 464 vrri
550 413 598 464 arr
621 413 767 464 munus.
1107 398 1147 460 27

69 586 188 660 merita
214 584 414 684 laudesque
435 579 660 656 miribilibus
679 579 811 656 fabulis
832 585 1006 682 augerent
1025 596 1062 655 et
1078 605 1149 657 ex·
1245 613 1249 625 ¹
1381 594 1382 666 ἶ

70 705 251 782 tollerent?
299 705 460 782 Tantum
489 717 612 778 tamen
639 702 710 778 boc
740 701 949 802 exemplum
978 704 1151 778 universe
1381 699 1382 706 ’

71 829 213 920 indicat,
229 825 485 926 Empedoclem
500 826 748 926 antiqraiorum
763 839 890 900 vatum
907 838 944 898 et
960 823 1150 898 doctorum

69 948 225 1047 exemplo
259 947 424 1022 musicen
455 972 605 1048 quoque
642 945 845 1020 adhibuisse
876 945 922 1019 ad
957 945 1151 1020 hominum

69 1071 208 1146 affectus
227 1069 401 1170 regendos
422 1084 459 1143 et
480 1093 595 1142 mores
615 1067 876 1143 emendandos:
898 1068 1006 1142 etiam
1023 1069 1063 1142 in
1084 1067 1153 1142 boc

68 1193 207 1268 fortasse
227 1189 462 1294 Pythagorica
483 1191 647 1264 instituta
670 1190 905 1264 aemulatum.

568 1462 667 1544 §tt

112 1681 197 1758 Jam
225 1705 311 1756 vero
340 1679 428 1756 baec
456 1680 569 1765 lacta,
600 1703 760 1781 quorum
787 1703 915 1777 magna
941 1699 1025 1777 pars
1045 1676 1151 1752 locu-

2 1771 3 1802 ³
70 1801 221 1901 pletibus
239 1802 449 1876 testimoniis
471 1803 609 1876 firmata
632 1814 703 1892 est,
720 1802 802 1872 satis
819 1797 1009 1872 manifesto
1027 1811 1152 1872 osten-

69 1924 171 2044 dunt,
202 1923 349 2024 qualem
370 1923 491 2000 virum
513 1921 746 2022 Empedocles
765 1945 804 1994 se
825 1939 899 1994 tam
921 1921 960 1994 in
979 1945 1056 2021 rep.
1084 1946 1152 2020 ge·
1233 1926 1238 1940 '

69 2043 173 2124 reuda
208 2055 318 2145 qnam
347 2044 386 2116 in
420 2057 497 2117 arte
526 2041 726 2124 exercenda
760 2043 986 2140 praestiterit.
1051 2041 1152 2117 Num

2 2249 3 2252 Ἴ
69 2190 143 2266 ego
165 2163 391 2256 mirandum,
414 2190 501 2238 eum
522 2189 609 2238 cum
631 2161 846 2262 aequalitate
871 2189 952 2257 sua,
968 2179 1050 2238 tum
1073 2177 1151 2238 arte

69 2301 100 2360 et
116 2287 282 2380 suenda,
298 2287 467 2386 maguam
486 2282 553 2358 sibi
568 2286 717 2386 gratiam
733 2298 770 2358 et
787 2286 1035 2360 auctoritatem
1052 2283 1151 2384 apud

2 2482 3 2492 ,
70 2433 145 2484 suos
165 2409 387 2502 conciliasse
405 2408 619 2514 praesertim
641 2430 762 2505 quum
783 2429 860 2482 non
886 2421 1151 2506 cauponaretur

71 2531 264 2623 scientiam,
289 2529 350 2606 sed
375 2527 477 2602 nulla
498 2527 664 2602 mercede
683 2542 720 2601 et
742 2525 933 2602 liberaliter
957 2543 1070 2602 artem
1087 2555 1151 2603 ex·
1266 2573 1269 2578 ·

70 2665 200 2726 erceret
217 2651 262 2725 ad
278 2650 468 2724 hominum
485 2663 523 2722 et
536 2649 723 2723 civitatum
740 2648 892 2723 salutem
907 2649 1082 2724 tuendam
1094 2652 1150 2724 ⁶⁸.

70 2773 162 2848 Num
187 2771 415 2863 mirandum,
433 2769 688 2869 Empedoclem
705 2771 772 2867 qui
788 2785 913 2846 ventos
929 2769 1149 2871 prohiberet,

70 2909 201 2992 pestem
223 2905 420 2985 averteret,
441 2893 623 2965 exanimes
646 2891 686 2962 in
711 2893 822 2967 vitam
849 2917 1016 2966 revocare
1038 2891 1152 2994 jacta-

71 3030 177 3108 retur,
195 3039 268 3088 non
288 3003 406 3086 sol'um
425 3010 572 3085 doctum
590 3025 628 3086 et
645 3038 805 3112 sagacem
823 3013 884 3086 sed
901 3013 1068 3090 divinum
1082 3014 1152 3088 ho-

72 3139 201 3211 minem
223 3133 329 3234 vulgo
346 3159 422 3207 esse
440 3132 623 3224 habitum,
639 3135 850 3232 praesertim
868 3135 928 3208 illa
945 3149 1059 3209 aetate
1078 3162 1151 3236 qua

72 3283 189 3331 rerum
207 3253 429 3330 naturalium
448 3254 594 3354 prorsus
614 3255 728 3354 ignari
745 3279 803 3348 ea,
822 3282 980 3356 quorum
999 3257 1152 3330 rationes

73 3393 103 3452 et
121 3407 261 3455 caussas
283 3404 356 3450 non
372 3378 630 3477 perspicerent,
653 3405 673 3450 a
694 3376 825 3487 divinis
844 3377 1061 3478 quibusdam
1082 3405 1153 3453 na·-

2 3539 3 3566 2
74 3504 156 3576 turis
175 3501 254 3575 'lieri
280 3497 479 3572 crederent.

2 3597 3 3632 ³
117 3625 247 3727 Neque
267 3597 353 3696 vero
368 3616 525 3694 dubium
542 3621 700 3714 videtur,
719 3623 810 3725 quin
829 3620 1062 3720 Empedocles
1077 3625 1153 3726 ipse

78 3741 190 3822 divine
210 3771 295 3845 ope,
318 3767 394 3815 non
417 3743 573 3818 naturali
595 3757 670 3818 arte
690 3770 728 3817 se
748 3770 789 3818 ea
810 3743 978 3842 perficere
999 3747 1153 3822 finxerit.

78 3867 256 3968 Augurem
278 3880 315 3941 ct
339 3864 532 3964 ydnresid
554 3880 607 3940 est
628 3892 792 3965 magum,
814 3865 942 3959 fuisse,
971 3866 1066 3942 lama
1085 3870 1154 3941 in·-

107 4060 160 4128 (68)
174 4063 234 4116 tud.
250 4059 362 4114 Galenus
379 4063 447 4144 crept
474 4061 528 4112 τῶν
556 4060 625 4114 καθ’
644 4058 833 4130 Ἱπποκράτην
854 4060 1056 4117 retuleram
1073 4033 1153 4132 θοή

2 4161 3 4228 ἱ
82 4148 140 4215 ta
