2768 4916
274 376 315 438 ot
666 391 714 437 nn
737 389 953 438 aurnnocnrs

272 555 525 656 ἐντετυχηκέναι
555 577 562 594 ·
589 553 734 646 Νεάνθης
752 553 818 666 dl,
852 559 918 631 νέον
949 555 1028 631 ὄντα
1055 555 1260 655 γεγρωφέννν
1282 555 1335 636 riu

272 677 477 781 τραγῳδίας,
505 679 562 752 κν)
590 679 688 754 atsto
716 681 834 754 ἔπειτα
859 681 969 760 αὐτοῖς
997 675 1251 780 ἐντετυχηκέναι
1269 683 1334 753 ¹⁸⁵.

149 826 154 842 ·
270 804 319 876 Et
352 800 419 875 iste
452 814 639 874 auctorum
673 799 889 874 dissensione
924 814 961 874 et
1000 799 1084 874 notd
1117 801 1278 902 Diogenis
1305 800 1335 872 in

271 920 495 1022 excerpendo
519 919 734 1022 negligentiis
758 919 922 1021 plerique
939 921 977 993 in
992 921 1199 1020 opinionem
1216 921 1335 996 inducti

271 1058 372 1136 sunt,
384 1042 571 1143 physicum
586 1039 838 1142 Empedoclem
856 1040 971 1117 abillo
984 1067 1070 1116 cnm
1088 1043 1222 1144 tragico
1235 1045 1337 1140 polita,

270 1165 388 1256 illius,
413 1178 457 1237 ut
480 1163 619 1257 fertur,
641 1189 687 1238 ex
708 1162 778 1236 lilia
799 1177 946 1264 nepote,
965 1162 1160 1238 confusum
1176 1187 1252 1238 esse
1270 1164 1335 1233 ¹⁸⁶.

271 1284 338 1360 Sed
363 1299 407 1359 ut
433 1284 534 1358 facile
559 1283 764 1376 credamus,
799 1282 845 1358 de
869 1309 943 1384 quo
966 1309 1072 1358 nemo
1097 1282 1259 1377 dubitet,
1282 1297 1337 1356 tra·

271 1405 410 1508 goedias
445 1407 544 1499 istas,
574 1404 620 1480 de
649 1403 784 1505 quibus
810 1403 1030 1496 Heraclides,
1055 1405 1293 1506 Hieronymus
1311 1417 1338 1477 et

271 1528 454 1604 Neanthes
475 1526 696 1628 loquuntur,
721 1553 794 1601 non
817 1525 961 1627 physico
979 1525 1040 1600 sed
1061 1525 1195 1626 juniori
1214 1526 1339 1601 cuidam

271 1647 478 1750 Empedocli
499 1646 708 1722 tribuendas
725 1672 817 1741 esse,
837 1663 958 1721 tamen
979 1644 1063 1722 inde
1079 1673 1155 1722 non
1171 1648 1339 1749 seqnitur,

272 1769 377 1845 illum
399 1768 595 1870 tragoedias
614 1770 761 1845 omnino
780 1793 853 1842 non
878 1767 1014 1842 fecisse.
1052 1766 1222 1870 Diogenis
1244 1768 1281 1840 in
1298 1767 1341 1839 his

272 1890 451 1966 tradendis
479 1890 564 1964 fides
593 1915 674 1990 quo*
697 1873 777 1990 iure
799 1903 960 1988 suspecta
981 1888 1105 1964 haberi
1127 1905 1257 1992 queat,
1281 1915 1340 1963 non

272 2012 391 2088 video:
427 2013 586 2086 nominat
619 2026 800 2086 auctorem
831 2025 867 2084 et
894 2010 1029 2085 librum
1063 2011 1163 2088 unde
1196 2016 1262 2088 ista
1288 2009 1341 2082 de·

272 2147 390 2214 sumta
422 2136 513 2225 sint,
546 2149 736 2209 enumerat
771 2133 875 2234 plura
908 2131 1133 2232 Empedoclis
1159 2135 1284 2232 scripta
1307 2127 1342 2202 ab

273 2255 457 2329 Aristotele
491 2253 539 2329 ibi
575 2270 790 2363 memorata,
818 2253 914 2328 addit
938 2255 984 2338 de
1008 2253 1194 2356 tragoediis
1219 2253 1340 2329 diversa

274 2375 489 2472 scriptorum
511 2374 658 2474 judicia:
685 2377 723 2448 in
748 2376 804 2450 his
828 2402 912 2450 sane
937 2375 1037 2450 nulla
1063 2388 1150 2450 sunt
1174 2374 1342 2475 negligen-

272 2495 342 2568 tiae
383 2494 522 2570 indicia.
574 2500 692 2597 Ergo,
731 2498 760 2570 si
797 2497 935 2598 reliqua
969 2524 1064 2600 quae
1100 2497 1158 2570 hic
1197 2504 1342 2570 recenset

272 2616 400 2715 scripta
424 2617 631 2716 Empedocli
656 2616 867 2719 assignanda
891 2634 997 2712 sunt,
1024 2645 1090 2696 cur
1113 2620 1204 2726 solas
1222 2635 1342 2721 tragoe-

272 2735 347 2810 dias
381 2738 581 2812 eximamus
605 2751 643 2814 et
663 2739 866 2816 tribuamus
890 2740 950 2814 alii
973 2738 1142 2834 cuidam,
1179 2743 1285 2842 cujus
1305 2764 1342 2812 an

274 2856 385 2932 ullam
408 2859 613 2936 Aristoteles
637 2861 763 2936 fecerit
787 2863 1031 2963 mentionem²
1058 2864 1186 2937 merito
1210 2861 1342 2938 dubite-

273 2977 363 3053 tur‘l
404 3021 450 3038 -ι
493 2984 540 3053 As
580 2983 780 3084 philosophi
812 2984 956 3083 ingenio
988 2975 1137 3084 parum
1155 3004 1343 3084 congruum

273 3102 418 3178 fortasse
441 3099 641 3204 tragoedias
665 3131 832 3206 pangere.
859 3147 905 3163 -
929 3109 1006 3206 Ego
1030 3130 1116 3181 vero
1141 3101 1343 3187 non-video,

205 3263 211 3269 ·
274 3249 358 3317 cur,
386 3227 452 3325 qui
476 3229 671 3302 maturiore
697 3240 811 3302 aetate
835 3225 881 3302 de
905 3241 1034 3300 natura
1060 3226 1274 3303 vaticinatus
1294 3222 1344 3306 sit,

275 3372 346 3420 non
372 3346 469 3422 idem
489 3329 632 3448 juvenis
655 3348 849 3449 tragoedias
858 3349 976 3424 facere
1006 3349 1184 3448 potuerit,
1200 3366 1346 3448 praeser-

274 3467 339 3540 tim
369 3469 468 3562 talis‚
504 3472 564 3544 cui
598 3493 699 3543 mens
727 3469 883 3547 divinior
915 3486 952 3546 et
982 3497 1053 3558 ¹roa
1083 3469 1249 3571 grandior
1284 3486 1345 3535 non

275 3605 392 3664 essent
417 3589 581 3692 negatae,
604 3589 703 3691 qaod
727 3589 772 3664 de
789 3591 1007 3692 Empedocle
1030 3573 1115 3668 vere
1131 3591 1213 3666 licet
1230 3589 1344 3661 dicere.

307 3745 384 3812 (185)
401 3747 506 3814 Diogen.
523 3749 610 3800 laert.
628 3746 693 3810 ibid.
711 3764 732 3800 s.
746 3746 786 3800 58.
822 3752 854 3801 ln
875 3759 1007 3819 postrema
1026 3749 1155 3802 sententia
1166 3747 1246 3802 verba
1259 3747 1347 3799 ἔπειτα

278 3835 374 3896 αὐτοῖς
389 3840 450 3890 satit
467 3837 558 3904 frigida
572 3847 647 3901 sunt,
668 3837 764 3898 adacte
780 3848 852 3892 certe
867 3840 996 3908 vitiosam.
1029 3839 1170 3892 Crederem
1186 3838 1255 3902 fere,
1266 3847 1345 3890 eorum

276 3928 335 3980 loco
348 3927 411 3980 olim
422 3927 519 3978 lectum
532 3925 612 3980 fnisse
624 3932 815 3996 tragoediarum
825 3947 965 3984 numerum
975 3947 1039 4001 quas
1051 3927 1187 3983 Neauthes·
1197 3929 1334 4000 reperisset.

310 4017 386 4084 (186)
403 4015 625 4076 Quemadmodum
632 4019 718 4089 placet
726 4021 839 4087 Sturnio,
848 4039 874 4092 p.
883 4023 924 4080 88,
936 4037 1015 4091 quern
1025 4020 1052 4072 in
1061 4018 1112 4072 hoc
1121 4019 1239 4092 sequitur
1249 4009 1343 4071 Boccl¹¹=

278 4109 369 4163 Athen.
384 4107 556 4161 Staatshausla.
568 4108 623 4162 vot.
638 4113 675 4174 lt,
689 4129 714 4180 p.
729 4103 785 4165 362.
