2796 4914
236 397 301 458 328
632 417 679 462 on
702 357 930 464 ΕιιιιιιοιιιιιΙ

235 575 304 650 Sed
329 592 477 654 eatenus
501 579 603 656 ambo
628 579 816 672 differunt,
843 579 940 680 quod
965 578 1107 652 Eleatae
1126 577 1243 651 forms
1256 578 1307 650 illa

184 795 188 811 ξ
237 698 588 797 comprehenderunt
609 703 729 802 ipsum
754 729 830 794 ens,
851 703 932 777 αὐτὸ
959 702 998 774 rh
1019 700 1062 792 i'r,
1081 679 1178 799 quod
1197 725 1306 772 unum

238 844 391 893 verum
415 822 640 913 statuebant,
659 822 814 898 liberum
831 822 875 896 ab
899 823 998 897 omni
1016 821 1226 920 contagione
1242 819 1306 891 ele-

182 928 186 948 ³
237 953 454 1034 mentorum,
465 969 603 1042 quippe
612 923 1308 1044 quaeoprnabrlratantumducercm,

173 1049 178 1146 l
236 1059 510 1172 Empedocles
490 1089 610 1160 unum
635 1063 725 1138 illud
750 1064 793 1174 ad
819 1090 986 1168 rerum*
968 1078 1136 1137 naturam
1139 1061 1308 1166 reduxit,
1371 1151 1373 1158 y

237 1207 367 1256 verum
391 1155 631 1285 divinumque
655 1168 815 1259 statuens
840 1160 927 1278 tale,
947 1183 1044 1286 quod
1065 1158 1172 1258 simul
1191 1179 1308 1255 mundi
1388 1197 1390 1262 ξ

197 1318 327 1377 esset
342 1309 504 1379 materies
520 1321 556 1379 et
566 1308 796 1406 principium,
807 1308 918 1409 idque
934 1307 1106 1406 expressit
1122 1308 1165 1378 ea
1185 1305 1306 1392 formet,

192 1399 331 1558 ιιιιιιιε
354 1452 515 1502 summac
539 1429 766 1528 perfectionis
781 1443 818 1503 et
833 1429 1040 1502 harmoniae
1056 1426 1242 1526 exemplar
1256 1425 1310 1496 ιιι
1389 1504 1390 1507 ¹

201 1517 396 1620 Qheretur
423 1548 524 1622 Ratio
541 1562 663 1622 autem
678 1548 790 1685 hujus
803 1550 999 1622 sententiae
1015 1549 1054 1620 in
1071 1561 1246 1647 promptu
1261 1548 1310 1616 ιι-
1390 1594 1391 1635 3

236 1665 355 1742 detur.
407 1668 637 1742 Intellexrt
601 1695 786 1760 nrmrrum,
799 1696 839 1741 111
855 1672 1010 1743 maxima
1025 1668 1091 1741 hac
1108 1665 1310 1741 mundiva—
1390 1718 1391 1756 r

236 1788 360 1861 rietate
368 1803 617 1890 perpetuoque
626 1815 751 1864 rerum
763 1787 881 1883 fluxu,
889 1802 1031 1862 tantum
1041 1787 1147 1861 illum
1157 1787 1310 1860 ordinem

237 1921 273 1980 et
304 1909 576 1984 consensionem
605 1909 766 1984 obtinere
791 1935 864 1984 non
890 1935 1015 2009 posse,
1037 1911 1104 1982 nisi
1129 1923 1223 1982 esset
1245 1897 1310 1981 una

236 2029 413 2129 quaedam
445 2033 499 2105 ιιι
532 2046 706 2133 tanquam
735 2056 927 2104 commune
960 2029 1152 2103 vinculum
1181 2028 1310 2104 diversa

235 2155 300 2224 ista
318 2153 515 2226 continens.
565 2152 649 2226 Ideo
665 2177 789 2226 rerum
808 2152 983 2226 elementa
1001 2151 1125 2225 retulit
1140 2149 1186 2223 ad
1206 2174 1310 2224 unam

235 2274 407 2372 originem
443 2274 667 2373 stirpemque
700 2271 880 2369 divinam,
906 2298 1017 2374 quern
1053 2271 1311 2370 respondistis

192 2411 194 2418 ’
236 2393 345 2486 Quali
371 2409 493 2468 autem
518 2409 649 2469 natura
662 2395 755 2468 hanc
771 2393 957 2492 sphaeram
973 2408 1133 2469 constare
1148 2392 1310 2480 voluerit,
1391 2467 1392 2480 2

236 2541 328 2588 num
352 2515 577 2589 subtilissima
601 2515 757 2616 quadam
783 2517 953 2608 materie,
978 2516 1127 2613 spiritu,
1152 2517 1246 2613 igne,
1269 2538 1308 2585 an
1391 2591 1392 2602 χ

235 2637 353 2708 anima
392 2651 429 2710 et
464 2651 606 2728 mente,
643 2637 803 2710 nolimus
840 2662 1025 2737 quaerere.
1087 2632 1310 2734 Empedocles

235 2761 329 2858 ipse,
365 2772 547 2858 quantum
582 2784 627 2833 ex
651 2759 893 2858 interpretum
918 2757 976 2832 vel
1000 2757 1138 2830 silentio
1163 2757 1222 2831 vel
1243 2754 1311 2826 dis-

175 2885 182 2942 f
236 2882 398 2954 sensione
433 2880 582 2979 judicari
615 2893 751 2978 potest,
788 2877 833 2952 de
870 2878 936 2952 hoc
970 2878 1060 2951 nihil
1088 2877 1232 2970 docuit;
1255 2874 1309 2948 sed
1391 2903 1392 2970 ι

236 3029 312 3076 rem
349 3004 459 3102 magis
482 3004 619 3102 poetice
644 2999 873 3075 adumbravit
905 3027 1017 3101 quam
1041 2998 1219 3074 subtiliter
1249 3024 1310 3071 ex-

234 3126 364 3222 posuit.
403 3124 477 3197 Nec
503 3125 648 3196 mirum.
676 3122 780 3195 Notio
805 3123 905 3194 enim
921 3121 979 3196 illa
997 3120 1139 3195 divinae
1154 3120 1309 3194 omnium

236 3271 359 3319 rerum
390 3245 599 3318 harmoniae
626 3243 759 3317 mentis
782 3241 964 3317 humanae
989 3255 1135 3342 captum
1161 3238 1308 3329 excedit,

234 3394 342 3466 quam
369 3367 398 3439 si
422 3367 594 3466 suspicari
619 3365 764 3440 fortasse
791 3363 926 3439 celsiori
950 3364 1097 3462 ingenio
1122 3362 1243 3453 liceat,
1277 3373 1308 3430 at

234 3513 414 3588 exponere
437 3502 473 3560 et
496 3486 738 3560 demonstrare
762 3486 900 3562 homini
924 3511 997 3560 non
1022 3484 1161 3557 datum:

626 3609 663 3683 τι
691 3605 730 3684 δὲ
755 3601 850 3686 οὖλοι
874 3606 1063 3709 ἐπεύχεται
1088 3611 1183 3704 εὑρεῖν

284 3737 401 3813 αὕτως·
427 3733 497 3806 οὔτ’
519 3729 699 3828 ἐπιδερκτὰ
719 3729 800 3808 rcid'
824 3730 990 3829 liudperti,
1010 3730 1080 3805 οὔτ’
1097 3727 1286 3807 inaruerit

285 3859 359 3929 οὔτε
385 3858 441 3955 νόῳ
468 3854 658 3952 περιληπτά
686 3863 703 3908 ⁵
712 3865 743 3929 ³.

269 4120 325 4189 (53)
343 4119 447 4189 Empcd.
466 4135 502 4169 ιι,
524 4119 553 4180 37
574 4137 608 4187 sq.
