2768 4916
437 428 521 476 vrrs
543 427 590 474 nr
611 427 757 476 srrrnrrs.
1097 413 1138 472 25

69 598 256 690 mansisset,
286 595 352 668 hoc
382 617 458 666 unc
493 593 656 669 cadaveri
690 591 884 686 dissimilis,
915 593 1015 694 quod
1047 597 1139 668 circa

69 715 187 790 medias
220 715 375 816 corporis
406 727 524 812 partes
553 713 677 788 caloris
710 713 886 816 quiddam
925 730 1139 817 superesset:

68 837 143 910 hnic
161 838 303 912 mulieri
325 865 346 911 a
367 835 511 910 medicis
528 835 737 936 desperatae
757 849 794 909 et
814 834 886 936 jam
904 838 1141 912 conclamatae

67 959 287 1059 Empedocles
306 958 476 1058 spiritum
497 971 534 1030 et
553 957 707 1031 salutem
728 956 893 1034 reddidit.
929 958 1042 1033 Morbi
1063 959 1143 1060 ejus

68 1082 205 1154 curandi
242 1081 417 1156 rationem
449 1079 557 1152 etiam
581 1077 780 1152 Pausaniae
806 1079 943 1154 medico
973 1079 1139 1155 familiari

10 1267 11 1278 ,
68 1217 266 1278 monstrasse
304 1201 365 1278 rel
404 1199 616 1300 explicuisse
654 1198 789 1284 dicitur
817 1203 874 1274 ⁶².
939 1201 1141 1277 Heraclides

10 1367 12 1380 ·
67 1325 230 1418 armarit,
262 1337 299 1398 et
328 1322 430 1396 facile
462 1335 516 1395 est
548 1320 706 1414 creditu,
738 1321 823 1395 hinc
853 1324 986 1397 famam
1017 1321 1142 1398 incre-

67 1444 191 1538 buisse,
222 1459 406 1520 mortuam
436 1443 481 1518 ab
513 1442 731 1542 Empedocle
761 1442 801 1516 in
836 1445 944 1520 vitam
975 1469 1051 1520 esse
1080 1469 1143 1520 re-

68 1581 212 1642 vocatam
232 1569 290 1638 ⁶³.

10 1721 12 1788 ᾗ
107 1689 196 1763 Cum
227 1687 366 1764 medica
397 1704 474 1762 arte
508 1687 704 1764 arctissime
736 1687 821 1762 clim
853 1689 1045 1790 conjuncta
1066 1709 1144 1766 erat

10 1793 11 1846 l
69 1812 208 1904 musice,
227 1811 290 1884 cui
308 1823 484 1912 quantam
498 1811 572 1885 vim
590 1825 729 1887 veteres
744 1814 952 1909 praesertim
969 1811 1143 1914 Pythago·

10 1933 11 1956 *
70 1934 112 2004 rei
130 1930 325 2006 tribuerint
346 1943 419 2004 tarn
441 1931 486 2004 ad
504 1957 650 2030 corpora
667 1957 778 2033 quam
798 1929 842 2005 ad
861 1933 997 2005 animos
1013 1959 1143 2007 curan·

70 2051 136 2146 dos,
155 2055 343 2128 neminem
361 2053 448 2127 latet
461 2056 479 2100 ⁶
485 2063 517 2126 ⁴.
545 2056 665 2127 Etiam
683 2051 794 2154 hujus
811 2054 896 2127 artis
911 2055 1144 2154 Empedocles

10 2273 11 2276 Ἴ
71 2199 129 2246 non
158 2176 309 2275 ignarus
338 2175 448 2251 fuisse
480 2175 706 2274 praedicatur
739 2189 848 2276 atque
880 2173 968 2248 adeo
1003 2181 1143 2278 egregio

10 2309 11 2382 Τ
72 2299 221 2400 exemplo
240 2312 470 2387 monstrasse,
486 2312 668 2397 quantum
689 2294 747 2369 illa
770 2295 816 2382 ad
837 2295 1008 2371 sedandos
1031 2299 1144 2374 animi

72 2435 174 2494 motus
198 2417 347 2495 valeat·
381 2419 473 2492 Nam
501 2444 620 2518 quum
646 2417 847 2491 adolescens
871 2418 1019 2518 quidam
1047 2421 1144 2496 luri-

11 2637 12 2640 ,
72 2535 204 2616 bundus
225 2543 347 2616 stricto
368 2528 406 2613 in
429 2539 525 2614 illius
547 2537 722 2638 hospitem
737 2536 946 2640 (ξενοὸόχον)
963 2539 1078 2640 gladio
1094 2545 1145 2616 ir-

73 2678 196 2754 rueret,
221 2677 363 2764 patrem
388 2688 515 2751 suurn,
540 2687 654 2762 quem
675 2659 734 2734 ille
754 2661 865 2761 judex
884 2662 997 2736 lectus
1022 2665 1145 2764 capitia

73 2783 376 2872 condemnaverat,
398 2783 572 2872 ulturus,
585 2781 731 2882 jamque
753 2783 792 2854 in
815 2809 858 2858 ec
880 2800 971 2858 esset
993 2798 1037 2858 ut
1054 2811 1144 2860 eum

73 2901 198 3000 feriret,
227 2905 350 2980 fertur
370 2903 623 3003 Empedocles,
646 2905 712 3003 qui
739 2904 831 2978 sorte
858 2905 998 3000 aderat,
1024 2909 1143 2982 statim

11 3047 12 3090 l
72 3088 120 3122 rum
136 3076 225 3128 rivulis
242 3077 362 3128 hausisse.
395 3075 519 3129 Nonnulli
541 3073 567 3125 in
591 3089 708 3124 errorem
733 3073 833 3125 inducti
863 3081 924 3125 runt
948 3083 978 3125 ut
1003 3082 1143 3145 putarent,

72 3163 159 3218 ἄπνουν
170 3183 226 3220 esse
238 3165 279 3218 rel
289 3167 494 3216 medicamentum
510 3165 543 3214 od
560 3163 688 3212 secundos
702 3163 870 3228 respiratione
887 3173 1015 3226 cursuras,
1036 3173 1068 3216 nt
1083 3165 1142 3215 doh.

12 3241 13 3246 ¹
72 3254 236 3320 Telamonium
264 3257 306 3307 rel
329 3256 414 3324 ipsum
439 3255 561 3314 morium
586 3259 617 3302 ut
644 3252 716 3305 Hier.
733 3253 911 3313 Mercurialis,
930 3255 1012 3306 notati
1029 3253 1142 3306 astum.

12 3345 13 3422 ,
73 3347 147 3410 aaa,
163 3348 205 3400 63.

92 3437 139 3503 (da)
154 3437 345 3509 Ἡρακλείδης
356 3439 389 3491 δὲ
398 3441 427 3490 ἐν
436 3441 474 3508 τῷ
484 3440 550 3508 περὶ
558 3439 641 3488 νόσων
651 3437 726 3503 φησὶ,
735 3435 936 3502 καὶΠαυσανίᾳ
945 3435 1145 3512 ὑφηγήσασθαι

77 3527 145 3582 aista
161 3537 195 3585 τὰ
212 3537 280 3604 περὶ
297 3539 349 3603 τὴν
367 3533 480 3584 ἄπνουν.
498 3529 585 3582 Lndrt.
597 3529 674 3587 v111,
694 3526 737 3576 60·
764 3527 831 3581 Hinc
842 3527 962 3580 nonnulli
975 3527 1143 3593 collegerunt,

12 3665 13 3702 ,
75 3615 205 3674 Pausaniam
215 3626 341 3693 scripturn
351 3625 385 3675 da
393 3625 443 3675 hac
457 3620 551 3673 semina
562 3616 685 3678 edidiss03
697 3617 740 3667 alii
752 3617 835 3686 iprum
847 3617 1040 3686 Empedoclem.
1054 3617 1144 3670 EDio·

76 3709 131 3768 aaut
140 3713 223 3765 verbis
235 3714 298 3764 nihil
309 3716 373 3766 certi
385 3713 451 3765 ellici
462 3719 555 3782 potest
588 3709 759 3776 ὑφηγεῖσθαι
776 3709 839 3773 sign.
855 3710 999 3778 proscipere
1015 3717 1070 3761 tem
1087 3725 1145 3762 ser·

13 3789 14 3848 Ῐ
76 3799 175 3854 mondus
193 3820 273 3873 quana
289 3807 399 3875 scriptis.
997 3813 1001 3820 ’

101 3887 148 3954 (63)
165 3891 271 3960 liic'gen.
288 3894 316 3945 L.
331 3897 411 3957 vlu,
432 3910 452 3945 s.
471 3894 513 3957 67.

13 3997 14 4010 ¹
102 3975 150 4045 (lili
167 3982 327 4050 Scriptorum
350 3984 452 4052 sylvam
471 3985 523 4035 hcc
546 3969 698 4036 docentium
718 3983 794 4034 affert
815 3981 901 4033 Stura.
923 3979 1031 4049 Emped.
1052 3997 1077 4050 p.
1101 3982 1144 4048 67,

13 4067 14 4070 ’
79 4071 122 4115 Μ»
136 4085 171 4137 99.
197 4070 279 4124 Nemo
297 4081 385 4127 autem
404 4073 480 4127 facile
497 4074 641 4138 elegantius
653 4082 680 4125 et
690 4073 795 4124 doctius
807 4071 841 4123 de
855 4087 922 4124 esre
935 4069 1145 4142 exposuitque·

13 4161 14 4216 3
81 4149 458 4228 terminarentur
475 4163 592 4216 murres.
628 4162 741 4228 rrajacr.
757 4153 790 4212 aa
806 4161 888 4214 anea.
907 4158 976 4212 aare.
