2796 4914
246 368 313 432 318
642 385 690 432 nn
713 386 931 438 nurunooms

249 549 354 644 δόξειε
379 549 448 648 γὰρ
479 548 519 626 Aa
545 550 653 648 λέγειν
679 561 779 628 τοῦτο
801 557 858 646 τὴν
879 557 995 650 Φιλίαν
1015 533 1104 634 eluar·
1131 563 1305 662 αἰτίαγοῦν

247 671 340 748 ἐστὶν
361 670 448 762 adra
469 681 528 746 τοῦ
547 673 583 748 ἓν
607 669 685 750 eim
705 678 820 753 πᾶσιν·
844 675 945 776 ἕτεροι
967 677 1004 756 dl
1028 683 1112 779 rip,
1134 688 1168 759 οἱ
1186 682 1221 762 lt
1240 685 1307 786 ἀέρα

249 797 357 893 <pua-lu
377 790 455 872 εἶναι
477 795 516 870 rt
538 795 573 872 ‘iu
592 805 692 871 τοῦτο
713 801 771 874 κοιλ
788 801 825 876 τὸ
850 801 882 876 ἕν
904 799 942 893 ἐξ
963 793 1001 876 od
1018 803 1066 878 ric
1088 807 1167 881 ὄντα
1189 803 1260 884 εἶναί
1276 839 1306 885 τε

248 921 306 996 κοιλ
331 919 514 1019 γεγονέναι.
568 920 700 995 Sensus
724 920 1070 1000 horum'verborum
1091 928 1187 1004 idem
1211 946 1258 1006 est
1275 961 1307 1006 ac

248 1039 550 1141 praecedentium:
568 1042 820 1142 Empedoclem
831 1047 899 1120 uni
910 1045 1009 1120 aliud
1022 1049 1110 1147 quid
1123 1051 1307 1151 subjectum

248 1165 384 1253 facere,
420 1160 532 1262 idque
560 1187 639 1250 esse
663 1165 948 1264 Amicitiam;
982 1181 1124 1246 tantum
1161 1174 1308 1267 interest,

249 1283 347 1385 quod
374 1283 492 1384 priore
519 1283 593 1357 loco
614 1287 690 1358 sine
713 1285 942 1365 haesitatione
965 1291 1135 1367 affirmat:
1163 1293 1310 1392 Ἐμπεδο

196 1479 199 1498 ‚
249 1397 329 1497 κλῆξ
352 1412 436 1502 φησι
453 1408 590 1502 (pelium
613 1409 803 1507 posteriore
824 1408 899 1484 loco
920 1411 1126 1489 dubitanter
1146 1415 1246 1491 dicit:
1268 1415 1311 1496 tl-

249 1536 317 1624 ξειε
329 1529 397 1630 γὰρ
413 1525 453 1605 ἂν
468 1529 579 1628 λέγειν
594 1539 693 1604 τοῦτο
711 1531 767 1622 rip
783 1535 917 1630 φιλῑοο;
933 1533 1032 1606 unde
1049 1551 1213 1634 apparet,
1233 1540 1311 1612 Em·

197 1693 201 1708 ·
250 1651 432 1752 pedoclem
452 1655 571 1752 ipsum
589 1652 626 1726 id
646 1677 718 1726 non
737 1651 867 1728 diserte
887 1654 1034 1747 dixisse,
1051 1656 1111 1730 sed
1134 1660 1200 1732 isto
1220 1685 1311 1733 sensu

250 1788 437 1873 acceptum
463 1798 538 1848 esse
558 1771 603 1846 ab
626 1773 830 1870 Aristotele,
853 1777 938 1876 quia
965 1776 1140 1851 nimirum
1165 1779 1311 1852 Amicitia

251 1899 297 1970 sit
310 1913 404 1994 quae
420 1906 549 1968 cuncta
566 1919 685 1968 unum
702 1894 824 1988 faciat,
839 1897 857 1986 ἡ
873 1897 1014 1979 slawata
1029 1898 1121 1974 ciria
1134 1909 1192 1973 ²⁵.
1226 1900 1312 1974 Aris·

251 2018 365 2094 totelis
403 2019 648 2093 auctoritatem
682 2017 721 2090 in
756 2017 822 2092 hoc
859 2021 963 2094 multi
996 2034 1082 2095 sunt
1114 2026 1246 2117 secuti,
1278 2038 1312 2098 ut

252 2137 455 2214 Alexander
476 2137 725 2238 Aphrodisius,
744 2140 930 2241 Syrianus,
949 2140 1185 2240 Philoponus,
1206 2172 1314 2218 omnes

250 2261 347 2336 idem
364 2259 521 2336 dicentes
532 2262 587 2332 ²⁶.
636 2261 770 2336 Mirum
788 2274 926 2354 tamen,
945 2288 1020 2361 qua
1038 2265 1174 2340 ratione
1193 2293 1313 2340 unum

251 2399 289 2460 et
310 2386 378 2462 vis
405 2411 545 2459 unum
573 2385 806 2470 efficiens,
834 2385 870 2458 id
895 2401 948 2459 est
969 2387 1152 2477 Amicitia,
1175 2412 1240 2486 pro
1262 2413 1313 2460 eo·

251 2505 336 2580 dem
363 2509 496 2605 possint
514 2505 648 2580 haberi.
696 2507 778 2580 Non
799 2504 982 2598 credibile,
1007 2507 1230 2582 Aristotelem
1251 2522 1313 2580 tam
1380 2505 1384 2512 ’

252 2625 494 2728 negligentem
514 2628 644 2722 fuisse,
677 2642 721 2702 ut
745 2652 904 2700 caussam
924 2626 1139 2702 efficientem
1162 2643 1200 2703 et
1220 2628 1315 2702 effec-

251 2761 335 2823 tum
361 2749 614 2840 confunderet,
635 2747 697 2822 sed
717 2773 835 2848 quum
858 2773 978 2822 unum
1004 2749 1205 2824 Amicitiam
1227 2751 1314 2836 dicit,

253 2869 346 2946 nihil
367 2869 466 2946 aliud
487 2869 682 2970 significare
705 2870 849 2950 videtur
869 2871 938 2944 nisi
957 2873 1142 2946 Amicitiae
1159 2897 1317 2972 regnum,

251 2991 310 3083 rip
331 2989 538 3091 inexpertem
557 2995 615 3083 τῆς
633 2994 768 3089 φιλίοις,
788 2991 1092 3093 quemadmodum
1114 3007 1250 3069 veteres
1269 2995 1317 3066 in-

251 3123 426 3213 terpretes
449 3113 634 3192 interdum
655 3115 833 3221 appellant
849 3121 905 3185 ²⁷.

254 3275 304 3327 καλ
327 3278 395 3345 γὰρ,
418 3277 503 3344 ὅνπερ
520 3276 637 3343 οἰηθεῦη
654 3275 745 3342 λέγειν
759 3273 793 3326 ἄν
809 3292 851 3332 τις
867 3272 985 3336 μάλιστα
1001 3272 1220 3340 ὁμολογουμένως
1235 3273 1318 3342 αὑτῷ,

254 3367 465 3436 Ἐμπεδοκλῆς,
486 3369 533 3418 καὶ
559 3353 637 3425 οὗτος
662 3366 751 3418 ταύτὸ
772 3367 911 3417 πέπονθε·
946 3365 1015 3424 Quae
1031 3362 1152 3432 deinceps
1170 3373 1318 3435 sequuntur,

256 3463 314 3512 ὃόι
330 3476 400 3515 ποτε
423 3464 455 3512 τὸ
473 3459 502 3512 ἓν
519 3462 590 3528 ἔστι,
608 3459 678 3528 apud
691 3456 884 3535 Bekkeruynassie
898 3455 1032 3522 leguntur:
1053 3457 1097 3508 ὅτι
1114 3457 1147 3506 τὸ
1164 3454 1194 3508 ἓν
1206 3455 1235 3508 ὄν
1246 3454 1319 3508 ἔστιν.

255 3553 426 3624 quodminus
441 3561 555 3616 rectum
574 3551 666 3602 elarius
683 3547 768 3604 foret:
785 3546 944 3618 drff'rrpba
962 3569 990 3600 τι
1007 3549 1039 3600 τὸ
1052 3545 1087 3612 ,ἓν
1105 3551 1176 3604 ἔστι,

287 3641 346 3709 (ab)
362 3643 462 3696 Pariter
484 3651 510 3694 et
530 3642 591 3696 alibi
615 3644 647 3694 τὸ
666 3639 695 3694 ἓν
713 3651 740 3696 et
756 3648 808 3712 τὴν
826 3643 919 3704 φιλίαν
939 3640 1084 3710 promiscue
1106 3649 1225 3710 usurpat,
1247 3637 1320 3693 veluti

255 3731 370 3802 Metapln
383 3733 455 3796 XIV,
466 3733 494 3796 4,
511 3732 653 3786 secundum
669 3733 850 3803 Empedoclem
866 3733 932 3784 dicit
945 3730 1038 3796 φιλίαν
1054 3747 1108 3784 erae
1126 3735 1159 3784 τὸ
1174 3741 1320 3802 στοιχεῖον,

257 3837 307 3890 pro
326 3838 378 3891 quo
394 3823 428 3876 de
446 3823 505 3876 Gen.
526 3831 553 3874 et
571 3823 645 3876 Corr.
666 3824 692 3887 I,
714 3840 741 3885 ι,
760 3832 827 3876 extr.
844 3823 908 3876 dicit
927 3833 1136 3894 recognoscere
1155 3827 1187 3876 τὸ
1205 3821 1242 3876 ἓν.

289 3912 346 3980 (26)
365 3912 485 3966 Alexand.
508 3911 621 3984 Aphrod.
639 3914 667 3965 iu
686 3912 802 3982 Metaph.
819 3930 844 3982 p.
863 3915 957 3982 981at
989 3916 1089 3984 Syrien.
1107 3917 1133 3968 io
1152 3915 1266 3984 Metapla.
1286 3914 1322 3973 11,

258 4000 277 4054 i.
295 4004 311 4054 8
331 4003 357 4054 B.
377 4001 420 4054 lat.
455 4002 588 4078 Philopon.
606 4005 633 4056 in
653 3993 766 4074 Memph.
789 4005 828 4062 Χ,
847 4005 865 4063 f.
885 4005 915 4067 [μ
935 4009 963 4060 A.
979 4006 1023 4058 lat.

288 4092 348 4161 127)
366 4091 400 4144 m
412 4091 530 4162 Simplio.
546 4093 574 4146 in
585 4094 689 4148 Aristot
700 4095 774 4164 Phys.
787 4095 804 4147 f.
819 4095 868 4150 265
881 4099 915 4162 t,
929 4112 975 4162 apa
987 4099 1021 4164 B;
1034 4095 1066 4150 de
1084 4095 1160 4150 Coelo
1174 4095 1231 4158 111,
1251 4093 1267 4144 f.
1283 4090 1324 4153 rtl
