2776 4916
170 447 173 454 »
241 406 306 470 208
644 417 919 466 conunuraurus

243 605 323 646 unus
343 583 403 646 142
424 582 528 645 eidem
548 581 671 666 quidem
691 583 849 658 seutentid,
870 592 901 643 at
919 601 986 666 non
1002 525 1107 644 iisdem
1122 581 1304 670 verbisatque

206 733 210 740 -
243 709 286 752 rs.
307 689 347 750 94
357 713 370 763 ,·
391 687 521 772 denique
542 685 670 748 diversus
690 697 734 747 est
753 707 857 748 eorum
877 685 969 747 ordo:
990 709 1068 772 qnae
1089 689 1266 751 satisralent
1278 701 1307 750 ut
1373 705 1374 708 ’

244 793 401 854 credamus
430 791 515 852 hunc
546 789 650 850 locum
677 811 741 850 non
770 812 826 872 pro
855 789 962 852 eodem
990 813 1026 852 ac
1053 793 1236 875 superiorem
1259 815 1306 855 asse

243 896 435 974 habendum,
458 906 492 955 ut
511 894 657 956 Prellerus
677 894 868 977 opinabatur.
911 895 977 955 lmo
997 895 1151 980 redarguit
1169 897 1244 958 illud
1257 899 1307 981 ipse

244 1000 431 1083 Simplicius,
450 999 504 1082 qui
520 997 708 1081 Empedoclis
723 1021 821 1060 versus
839 999 898 1060 hoc
916 999 1022 1061 ordine
1034 1001 1128 1063 lectos
1145 1023 1207 1063 esse
1221 1002 1307 1063 dooetz

244 1108 378 1188 primurn
399 1125 454 1164 vss.
476 1103 612 1181 88-1233
636 1102 745 1166 deinde
760 1125 818 1166 uss.
836 1104 972 1166 124-137
987 1103 1061 1183 (rid.
1075 1104 1166 1188 Phys.
1181 1106 1203 1166 f.
1217 1105 1255 1168 34
1265 1103 1308 1187 Ι);

246 1220 314 1293 post
349 1208 405 1270 hos
439 1229 504 1268 non
536 1229 647 1289 magno
678 1207 836 1270 intervallo
868 1218 983 1270 secutos
1014 1227 1075 1270 esse
1105 1205 1160 1270 v'ss.
1190 1207 1309 1272 138-149
1374 1203 1375 1232 ³

246 1313 331 1394 (ibid.
352 1313 374 1374 s.
396 1313 416 1374 7
436 1311 503 1397 sq.).
544 1315 709 1376 Postremos
730 1322 831 1372 tamen
852 1311 987 1396 quinque
1008 1334 1120 1388 versus,
1138 1313 1310 1374 continentes

180 1505 183 1512 Ι
247 1418 473 1480 conclusionem
496 1418 604 1502 istam:
635 1424 736 1494 οθνννς
755 1421 840 1500 ᾖμεν
860 1421 891 1487 ἓν
910 1423 944 1486 ὲν
964 1425 1084 1486 mim
1105 1431 1177 1486 nera,
1199 1418 1251 1502 qui
1267 1437 1309 1478 ru.

247 1521 352 1584 iisdem
372 1523 463 1604 plane
485 1522 580 1583 verbis
597 1512 846 1606 leguntur'supra
861 1523 903 1586 96
917 1545 982 1609 sqq.
999 1521 1050 1584 hio
1063 1524 1164 1584 miuus
1181 1534 1248 1606 apte
1262 1519 1313 1582 col·

247 1627 360 1688 locatos
381 1639 471 1710 atque
491 1626 568 1688 adeo
583 1629 779 1710 segregandos
792 1627 916 1712 judico,
933 1627 1107 1710 praesertim
1122 1649 1193 1688 oum
1207 1636 1312 1709 propter
1375 1651 1376 1704 ν

248 1734 401 1815 utriusque
429 1731 490 1792 loci
523 1732 751 1794 similitudinem
779 1732 944 1797 admodum
973 1732 1105 1816 proclive
1135 1733 1245 1807 fuerit,
1269 1732 1313 1790 ista

239 1820 467 1919 conglutinare.
509 1839 613 1920 Itaque
627 1839 713 1898 uncis
725 1859 775 1899 eos
787 1838 906 1900 inclusi.
948 1839 1102 1900 Caeterum
1115 1834 1313 1919 Empedoclem

250 1940 398 2025 ejusmodi
424 1943 615 2024 repetitiones
635 1963 699 2002 non
720 1941 870 2019 fastidire,
902 1943 1004 2025 plures
1024 1946 1088 2026 ejus
1108 1942 1249 2002 carminis
1266 1937 1314 2000 loci

250 2046 433 2123 ostendunt,
456 2060 485 2108 et
506 2047 684 2132 comprobat
703 2046 780 2108 illud
801 2050 867 2132 ejus
887 2047 1030 2110 effatum:
1056 2057 1105 2114 nat
1128 2052 1170 2125 ὄθς
1188 2057 1242 2128 729
1259 2051 1273 2112 θ
1288 2048 1314 2116 θῇ
1376 2131 1377 2144 1

131 2171 135 2180 '
252 2158 342 2220 καλόν
363 2157 441 2221 ἔστιν
458 2157 593 2222 temate!
1376 2149 1377 2182 t

293 2259 423 2320 Docetur
452 2271 553 2320 autem
577 2258 623 2319 his
642 2259 792 2334 versibus,
817 2261 926 2320 mutari
946 2271 1093 2342 perpetuo
1113 2257 1316 2318 elementorum

252 2363 351 2439 vices,
372 2364 464 2425 modo
485 2385 657 2426 evanescere
678 2364 768 2424 modo
789 2385 889 2426 rursus
910 2385 1053 2446 apparere
1064 2386 1073 2442 ;
1098 2363 1165 2445 ipsa
1186 2358 1316 2444 principia

217 2493 221 2502 ·
254 2478 373 2528 aeterna
394 2489 471 2543 esse,
492 2461 597 2528 variari
618 2489 687 2530 vero
707 2480 737 2528 et
758 2490 924 2530 commeare
941 2469 1019 2528 inter
1033 2489 1063 2528 se
1076 2467 1224 2543 invicem,
1237 2481 1317 2545 eoque

253 2572 347 2632 varias
367 2571 492 2632 induere
514 2571 643 2654 figuras,
671 2583 733 2633 tam
754 2573 828 2650 diu,
855 2572 953 2634 donec
976 2571 1078 2632 omnia
1102 2591 1203 2631 rerum
1223 2576 1318 2628 morta·
1377 2651 1378 2654 Ἴ

254 2675 331 2737 lium
351 2695 460 2757 genera
480 2675 650 2760 formasque
671 2678 897 2758 permeaverint.
915 2711 957 2722 -
970 2677 1014 2736 De
1032 2675 1163 2736 lectione
1182 2673 1256 2733 haec
1273 2689 1320 2730 no-
1377 2655 1378 2710 i

255 2779 365 2840 tundat
401 2802 444 2840 vs.
465 2780 538 2841 140:
562 2781 668 2864 Simpl.
687 2787 750 2850 ἔστι
769 2811 824 2865 ys,
856 2783 964 2844 rectius
984 2801 1077 2864 quam
1097 2801 1188 2862 supra
1206 2783 1264 2846 ἔστι
1281 2773 1320 2834 vel

255 2891 344 2956 θνννν.
370 2907 413 2948 vs.
436 2887 509 2946 141:
535 2884 616 2946 idem
636 2899 722 2968 κηρῶν
739 2909 795 2972 pro
820 2896 913 2969 θηρῶν,
935 2885 1017 2970 quod
1039 2885 1233 2946 emendatum
1251 2879 1321 2942 dedit

256 2991 403 3067 Sturzius3
426 2991 466 3049 sic
484 2991 617 3050 homiues
631 3004 661 3052 et
673 2994 751 3056 socio
761 2997 893 3074 [erorum
907 2993 1025 3052 Lucret.
1038 2992 1099 3065 111,
1113 2988 1186 3050 753.
1202 3009 1243 3050 us.
1257 2984 1319 3046 143:

257 3095 362 3180 simpl.
387 3102 551 3177 Φορνθμεννι,
573 3117 615 3156 rs.
641 3098 718 3160 145:
748 3101 779 3167 ἓν
805 3099 952 3159 omittitur
978 3105 1009 3155 et
1034 3115 1090 3179 pro
1116 3097 1135 3176 ᾖ
1156 3109 1209 3173 μιν
1227 3125 1264 3138 -
1283 3093 1321 3162 iit

257 3200 366 3284 legitur
386 3205 401 3276 θν
419 3215 470 3280 μὲν
489 3235 529 3248 -
551 3203 566 3276 i
589 3207 637 3277 δὲ,
659 3223 704 3262 vs.
726 3202 800 3263 149:
829 3212 907 3264 recte
931 3206 1061 3276 batnon,
1088 3221 1179 3282 supra
1202 3205 1319 3270 ἀκίνητοι.

299 3308 346 3368 VS·
372 3307 440 3376 144·
482 3313 582 3382 εἰςόκεν
601 3311 635 3373 ἂν
653 3311 739 3382 κτλ.)
779 3310 883 3367 Versus
904 3306 1072 3380 obscurior;
1099 3325 1202 3365 sensus
1222 3301 1321 3364 ridetur

258 3409 308 3472 hic
329 3433 404 3472 esse:
427 3433 472 3472 res
490 3424 615 3472 naturae
635 3411 726 3472 modo
743 3413 777 3472 in
796 3433 894 3470 unum
913 3410 1048 3470 ordinem
1068 3410 1228 3490 componi,
1243 3403 1322 3466 modo

258 3537 359 3578 rursus
384 3516 535 3598 dissipari,
563 3538 688 3599 eamque
715 3514 948 3576 vicissitudinem
969 3513 1077 3574 tandiu
1099 3513 1222 3589 durare,
1244 3513 1322 3590 duret

260 3623 447 3684 coalescendo
470 3643 570 3682 omnes
589 3643 685 3682 rerum
705 3635 733 3684 et
752 3625 950 3682 animantium
965 3623 1076 3702 scurrus
1100 3631 1127 3678 ct
1145 3639 1247 3700 paucus
1261 3634 1323 3697 par-

259 3729 435 3803 meouerr'ut,
455 3732 555 3788 ocrim
577 3727 689 3808 liparus
707 3729 868 3788 induerim.
909 3736 944 3794 ort
966 3737 1021 3794 πᾶν
1042 3732 1170 3805 ὑπένερθε
1189 3720 1323 3803 accipien-

262 3830 336 3890 dum
358 3851 413 3913 pro
434 3844 531 3900 πάντα
552 3842 592 3898 τὶ
615 3839 753 3914 ὑπένερθεν
774 3838 829 3906 εἴδη
850 3833 908 3894 sive
929 3842 1052 3900 παντοῖα
1070 3835 1148 3899 ὕδει
1167 3837 1275 3902 irruit·
1294 3831 1324 3880 ΠΙ

262 3935 336 3997 dicit
355 3958 395 3998 rs.
418 3937 455 4015 6,
476 3951 506 4000 et
529 3948 671 4020 ννννννθνιν
692 3949 726 4006 rt
747 3948 803 4006 πᾶν
823 3939 946 4020 interpr.
968 3940 1001 3996 iu
1022 3957 1121 3998 ornares
1142 3941 1248 4017 surmus
1264 3947 1324 3988 mu-

261 4044 335 4121 tari,
353 4043 609 4126 quemadmodum
629 4044 666 4106 de
684 4046 789 4106 Proteo
808 4043 881 4104 dicit
899 4044 1017 4104 Homer.
1034 4040 1089 4104 ud.
1103 4044 1134 4116 i,
1148 4038 1223 4102 417:
1240 4041 1324 4104 edura
