<?xml version="1.0" encoding="UTF-8"?>
<!DOCTYPE html PUBLIC "-//W3C//DTD XHTML 1.0 Transitional//EN"
    "http://www.w3.org/TR/xhtml1/DTD/xhtml1-transitional.dtd">
<html xmlns="http://www.w3.org/1999/xhtml" xml:lang="en" lang="en">
 <head>
  <title>
</title>
<meta http-equiv="Content-Type" content="text/html;charset=utf-8" />
  <meta name='ocr-system' content='tesseract 3.04.00' />
  <meta name='ocr-capabilities' content='ocr_page ocr_carea ocr_par ocr_line ocrx_word'/>
</head>
<body>
  <div class='ocr_page' id='page_1' title='image "./philosophorumgr00karsgoog_0039.png"; bbox 0 0 2768 4916; ppageno 0'>
   <div class='ocr_carea' id='block_1_1' title="bbox 210 372 899 450">
    <p class='ocr_par' dir='ltr' id='par_1_1' title="bbox 210 372 899 450">
     <span class='ocr_line' id='line_1_1' title="bbox 210 372 899 450; baseline -0.003 -13"><span class='ocrx_word' id='word_1_1' title='bbox 210 378 251 438; x_wconf 82' lang='lat'>26</span> <span class='ocrx_word' id='word_1_2' title='bbox 291 446 293 450; x_wconf 23' lang='lat'>¹</span> <span class='ocrx_word' id='word_1_3' title='bbox 604 372 658 436; x_wconf 73' lang='lat' dir='ltr'>&#39;urs</span> <span class='ocrx_word' id='word_1_4' title='bbox 681 389 899 437; x_wconf 77' lang='lat' dir='ltr'>nnrnuocras</span> 
     </span>
    </p>
   </div>
   <div class='ocr_carea' id='block_1_2' title="bbox 141 553 1379 1753">
    <p class='ocr_par' dir='ltr' id='par_1_2' title="bbox 141 553 1379 1753">
     <span class='ocr_line' id='line_1_2' title="bbox 210 553 1299 648; baseline -0.004 -16"><span class='ocrx_word' id='word_1_5' title='bbox 210 557 360 632; x_wconf 85' lang='lat' dir='ltr'>canendi</span> <span class='ocrx_word' id='word_1_6' title='bbox 380 555 529 630; x_wconf 89' lang='lat' dir='ltr'>modum</span> <span class='ocrx_word' id='word_1_7' title='bbox 544 553 738 645; x_wconf 82' lang='lat' dir='ltr'>inflexisse,</span> <span class='ocrx_word' id='word_1_8' title='bbox 760 569 798 648; x_wconf 77' lang='lat' dir='ltr'>et</span> <span class='ocrx_word' id='word_1_9' title='bbox 818 567 967 627; x_wconf 86' lang='lat' dir='ltr'>cantum</span> <span class='ocrx_word' id='word_1_10' title='bbox 986 578 1137 646; x_wconf 86' lang='lat' dir='ltr'>exorsus</span> <span class='ocrx_word' id='word_1_11' title='bbox 1152 553 1299 628; x_wconf 82' lang='lat' dir='ltr'>dulcem</span> 
     </span>
     <span class='ocr_line' id='line_1_3' title="bbox 209 675 1379 780; baseline -0.005 -24"><span class='ocrx_word' id='word_1_12' title='bbox 209 694 246 756; x_wconf 92' lang='lat' dir='ltr'>et</span> <span class='ocrx_word' id='word_1_13' title='bbox 283 676 511 779; x_wconf 77' lang='lat' dir='ltr'>placabilem,</span> <span class='ocrx_word' id='word_1_14' title='bbox 552 675 649 775; x_wconf 90' lang='lat' dir='ltr'>illius</span> <span class='ocrx_word' id='word_1_15' title='bbox 691 679 781 750; x_wconf 92' lang='lat' dir='ltr'>iram</span> <span class='ocrx_word' id='word_1_16' title='bbox 811 691 1058 780; x_wconf 79' lang='lat' dir='ltr'>temperasse3</span> <span class='ocrx_word' id='word_1_17' title='bbox 1093 702 1183 778; x_wconf 81' lang='lat' dir='ltr'>quo·</span> <span class='ocrx_word' id='word_1_18' title='bbox 1204 677 1301 750; x_wconf 82' lang='lat' dir='ltr'>lacto</span> <span class='ocrx_word' id='word_1_19' title='bbox 1378 725 1379 728; x_wconf 58' lang='lat'><em>=</em></span> 
     </span>
     <span class='ocr_line' id='line_1_4' title="bbox 209 796 1301 901; baseline -0.004 -25"><span class='ocrx_word' id='word_1_20' title='bbox 209 801 385 901; x_wconf 76' lang='lat' dir='ltr'>hospitem</span> <span class='ocrx_word' id='word_1_21' title='bbox 414 826 435 872; x_wconf 87' lang='lat' dir='ltr'>a</span> <span class='ocrx_word' id='word_1_22' title='bbox 464 825 575 890; x_wconf 91' lang='lat' dir='ltr'>nece,</span> <span class='ocrx_word' id='word_1_23' title='bbox 607 797 867 883; x_wconf 78' lang='lat' dir='ltr'>adolescentem</span> <span class='ocrx_word' id='word_1_24' title='bbox 888 826 910 872; x_wconf 86' lang='lat' dir='ltr'>a</span> <span class='ocrx_word' id='word_1_25' title='bbox 932 796 1119 898; x_wconf 88' lang='lat' dir='ltr'>parricidio</span> <span class='ocrx_word' id='word_1_26' title='bbox 1138 797 1301 898; x_wconf 90' lang='lat' dir='ltr'>prohibi·</span> 
     </span>
     <span class='ocr_line' id='line_1_5' title="bbox 209 919 1301 1021; baseline -0.005 -23"><span class='ocrx_word' id='word_1_27' title='bbox 209 926 293 1000; x_wconf 82' lang='lat' dir='ltr'>tum</span> <span class='ocrx_word' id='word_1_28' title='bbox 314 947 389 996; x_wconf 88' lang='lat' dir='ltr'>esse</span> <span class='ocrx_word' id='word_1_29' title='bbox 408 922 465 998; x_wconf 82' lang='lat'>⁶⁵.</span> <span class='ocrx_word' id='word_1_30' title='bbox 517 919 741 1021; x_wconf 86' lang='lat' dir='ltr'>Empedoclis</span> <span class='ocrx_word' id='word_1_31' title='bbox 765 920 895 1021; x_wconf 83' lang='lat' dir='ltr'><strong>hospiti</strong></span> <span class='ocrx_word' id='word_1_32' title='bbox 917 945 1051 994; x_wconf 88' lang='lat' dir='ltr'>nomen</span> <span class='ocrx_word' id='word_1_33' title='bbox 1074 921 1186 996; x_wconf 85' lang='lat' dir='ltr'>fuisse</span> <span class='ocrx_word' id='word_1_34' title='bbox 1206 921 1301 994; x_wconf 84' lang='lat' dir='ltr'>An-</span> 
     </span>
     <span class='ocr_line' id='line_1_6' title="bbox 152 1041 1302 1142; baseline -0.004 -22"><span class='ocrx_word' id='word_1_35' title='bbox 152 1097 153 1103; x_wconf 42' lang='lat'>.</span> <span class='ocrx_word' id='word_1_36' title='bbox 211 1044 387 1120; x_wconf 87' lang='lat' dir='ltr'>obitum</span> <span class='ocrx_word' id='word_1_37' title='bbox 421 1042 507 1116; x_wconf 88' lang='lat' dir='ltr'>dicit</span> <span class='ocrx_word' id='word_1_38' title='bbox 536 1041 776 1134; x_wconf 86' lang='lat' dir='ltr'>lamblichus,</span> <span class='ocrx_word' id='word_1_39' title='bbox 809 1041 907 1116; x_wconf 89' lang='lat' dir='ltr'>idem</span> <span class='ocrx_word' id='word_1_40' title='bbox 938 1067 1072 1116; x_wconf 90' lang='lat' dir='ltr'>nomen</span> <span class='ocrx_word' id='word_1_41' title='bbox 1098 1043 1172 1116; x_wconf 84' lang='lat' dir='ltr'>fuit</span> <span class='ocrx_word' id='word_1_42' title='bbox 1205 1043 1302 1142; x_wconf 90' lang='lat' dir='ltr'>patri</span> 
     </span>
     <span class='ocr_line' id='line_1_7' title="bbox 149 1163 1301 1266; baseline -0.003 -24"><span class='ocrx_word' id='word_1_43' title='bbox 149 1242 153 1248; x_wconf 80' lang='grc'><strong>,</strong></span> <span class='ocrx_word' id='word_1_44' title='bbox 211 1165 431 1257; x_wconf 86' lang='lat' dir='ltr'>Pausaniae,</span> <span class='ocrx_word' id='word_1_45' title='bbox 461 1189 574 1266; x_wconf 90' lang='lat' dir='ltr'>quem</span> <span class='ocrx_word' id='word_1_46' title='bbox 607 1163 800 1264; x_wconf 73' lang='lat' dir='ltr'>praecipue</span> <span class='ocrx_word' id='word_1_47' title='bbox 832 1163 957 1238; x_wconf 85' lang='lat' dir='ltr'>dilexit</span> <span class='ocrx_word' id='word_1_48' title='bbox 985 1163 1220 1264; x_wconf 89' lang='lat' dir='ltr'>Empedocles</span> <span class='ocrx_word' id='word_1_49' title='bbox 1238 1165 1301 1239; x_wconf 88' lang='lat'>⁶⁶.</span> 
     </span>
     <span class='ocr_line' id='line_1_8' title="bbox 212 1285 1304 1393; baseline -0.002 -31"><span class='ocrx_word' id='word_1_50' title='bbox 212 1286 289 1362; x_wconf 90' lang='lat' dir='ltr'>Ubi</span> <span class='ocrx_word' id='word_1_51' title='bbox 320 1301 443 1360; x_wconf 88' lang='lat' dir='ltr'>autem</span> <span class='ocrx_word' id='word_1_52' title='bbox 476 1288 547 1361; x_wconf 82' lang='lat' dir='ltr'>res¹</span> <span class='ocrx_word' id='word_1_53' title='bbox 564 1285 657 1360; x_wconf 81' lang='lat' dir='ltr'>lacta</span> <span class='ocrx_word' id='word_1_54' title='bbox 689 1286 755 1379; x_wconf 88' lang='lat' dir='ltr'>sit,</span> <span class='ocrx_word' id='word_1_55' title='bbox 787 1312 860 1360; x_wconf 87' lang='lat' dir='ltr'>non</span> <span class='ocrx_word' id='word_1_56' title='bbox 884 1285 1084 1385; x_wconf 81' lang='lat' dir='ltr'>proditum3</span> <span class='ocrx_word' id='word_1_57' title='bbox 1115 1287 1304 1393; x_wconf 81' lang='lat' dir='ltr'>Agrigenti</span> 
     </span>
     <span class='ocr_line' id='line_1_9' title="bbox 214 1401 1307 1508; baseline 0 -26"><span class='ocrx_word' id='word_1_58' title='bbox 214 1409 396 1503; x_wconf 80' lang='lat' dir='ltr'>crederes3</span> <span class='ocrx_word' id='word_1_59' title='bbox 423 1407 483 1483; x_wconf 90' lang='lat' dir='ltr'>sed</span> <span class='ocrx_word' id='word_1_60' title='bbox 511 1407 561 1481; x_wconf 93' lang='lat' dir='ltr'>ibi</span> <span class='ocrx_word' id='word_1_61' title='bbox 585 1411 673 1485; x_wconf 87' lang='lat' dir='ltr'>civis</span> <span class='ocrx_word' id='word_1_62' title='bbox 696 1422 772 1482; x_wconf 88' lang='lat' dir='ltr'>erat</span> <span class='ocrx_word' id='word_1_63' title='bbox 793 1407 1042 1508; x_wconf 86' lang='lat' dir='ltr'>Empedocles,</span> <span class='ocrx_word' id='word_1_64' title='bbox 1071 1401 1193 1507; x_wconf 88' lang='lat' dir='ltr'>neque</span> <span class='ocrx_word' id='word_1_65' title='bbox 1214 1407 1307 1482; x_wconf 87' lang='lat' dir='ltr'>adeo</span> 
     </span>
     <span class='ocr_line' id='line_1_10' title="bbox 214 1529 1373 1630; baseline 0 -27"><span class='ocrx_word' id='word_1_66' title='bbox 214 1531 354 1629; x_wconf 90' lang='lat' dir='ltr'>hospite</span> <span class='ocrx_word' id='word_1_67' title='bbox 382 1529 577 1630; x_wconf 85' lang='lat' dir='ltr'>indigebat.</span> <span class='ocrx_word' id='word_1_68' title='bbox 628 1531 786 1604; x_wconf 88' lang='lat' dir='ltr'>Omnino</span> <span class='ocrx_word' id='word_1_69' title='bbox 807 1529 945 1605; x_wconf 87' lang='lat' dir='ltr'>factum</span> <span class='ocrx_word' id='word_1_70' title='bbox 967 1530 1083 1626; x_wconf 89' lang='lat' dir='ltr'>istud,</span> <span class='ocrx_word' id='word_1_71' title='bbox 1104 1533 1198 1605; x_wconf 87' lang='lat' dir='ltr'>sicut</span> <span class='ocrx_word' id='word_1_72' title='bbox 1220 1555 1307 1604; x_wconf 88' lang='lat' dir='ltr'>nar·</span> <span class='ocrx_word' id='word_1_73' title='bbox 1372 1529 1373 1534; x_wconf 67' lang='grc'>’</span> 
     </span>
     <span class='ocr_line' id='line_1_11' title="bbox 141 1635 1308 1753; baseline 0.003 -28"><span class='ocrx_word' id='word_1_74' title='bbox 141 1735 142 1742; x_wconf 13' lang='lat'>¹</span> <span class='ocrx_word' id='word_1_75' title='bbox 185 1672 188 1680; x_wconf 73' lang='grc'><em>’</em></span> <span class='ocrx_word' id='word_1_76' title='bbox 216 1667 329 1743; x_wconf 86' lang='lat' dir='ltr'>ratur,</span> <span class='ocrx_word' id='word_1_77' title='bbox 348 1654 378 1726; x_wconf 90' lang='lat' dir='ltr'>si</span> <span class='ocrx_word' id='word_1_78' title='bbox 399 1677 474 1725; x_wconf 91' lang='lat' dir='ltr'>non</span> <span class='ocrx_word' id='word_1_79' title='bbox 496 1650 714 1746; x_wconf 86' lang='lat' dir='ltr'>incredibile,</span> <span class='ocrx_word' id='word_1_80' title='bbox 735 1664 856 1726; x_wconf 87' lang='lat' dir='ltr'>tamen</span> <span class='ocrx_word' id='word_1_81' title='bbox 878 1651 979 1726; x_wconf 87' lang='lat' dir='ltr'>haud</span> <span class='ocrx_word' id='word_1_82' title='bbox 1001 1635 1196 1728; x_wconf 80' lang='lat' dir='ltr'>admodum</span> <span class='ocrx_word' id='word_1_83' title='bbox 1216 1679 1308 1753; x_wconf 90' lang='lat' dir='ltr'>pro-</span> 
     </span>
    </p>
   </div>
   <div class='ocr_carea' id='block_1_3' title="bbox 168 1772 1310 2006">
    <p class='ocr_par' dir='ltr' id='par_1_3' title="bbox 168 1772 1310 2006">
     <span class='ocr_line' id='line_1_12' title="bbox 168 1772 1309 1878; baseline -0.001 -29"><span class='ocrx_word' id='word_1_84' title='bbox 168 1853 172 1860; x_wconf 65' lang='lat'>,</span> <span class='ocrx_word' id='word_1_85' title='bbox 219 1772 336 1848; x_wconf 85' lang='lat' dir='ltr'>babile</span> <span class='ocrx_word' id='word_1_86' title='bbox 357 1786 430 1848; x_wconf 84' lang='lat' dir='ltr'>est:</span> <span class='ocrx_word' id='word_1_87' title='bbox 456 1799 576 1874; x_wconf 93' lang='lat' dir='ltr'>quum</span> <span class='ocrx_word' id='word_1_88' title='bbox 597 1772 734 1848; x_wconf 88' lang='lat' dir='ltr'>multae</span> <span class='ocrx_word' id='word_1_89' title='bbox 756 1773 922 1848; x_wconf 84' lang='lat' dir='ltr'>ferantur</span> <span class='ocrx_word' id='word_1_90' title='bbox 943 1772 1088 1848; x_wconf 88' lang='lat' dir='ltr'>fabulae</span> <span class='ocrx_word' id='word_1_91' title='bbox 1102 1774 1147 1847; x_wconf 93' lang='lat' dir='ltr'>de</span> <span class='ocrx_word' id='word_1_92' title='bbox 1167 1775 1309 1878; x_wconf 80' lang='lat' dir='ltr'>Pytha·</span> 
     </span>
     <span class='ocr_line' id='line_1_13' title="bbox 182 1893 1310 2006; baseline 0.001 -35"><span class='ocrx_word' id='word_1_93' title='bbox 182 1989 184 1994; x_wconf 12' lang='lat'>,</span> <span class='ocrx_word' id='word_1_94' title='bbox 218 1923 300 2006; x_wconf 84' lang='lat' dir='ltr'>gora</span> <span class='ocrx_word' id='word_1_95' title='bbox 327 1895 478 1996; x_wconf 89' lang='lat' dir='ltr'>aliisque</span> <span class='ocrx_word' id='word_1_96' title='bbox 500 1894 587 1968; x_wconf 92' lang='lat' dir='ltr'>huic</span> <span class='ocrx_word' id='word_1_97' title='bbox 610 1893 741 1968; x_wconf 91' lang='lat' dir='ltr'>similes</span> <span class='ocrx_word' id='word_1_98' title='bbox 758 1897 815 1986; x_wconf 88' lang='lat'>⁶⁷,</span> <span class='ocrx_word' id='word_1_99' title='bbox 839 1897 901 1970; x_wconf 91' lang='lat' dir='ltr'>cui</span> <span class='ocrx_word' id='word_1_100' title='bbox 917 1912 962 1971; x_wconf 92' lang='lat' dir='ltr'>ut</span> <span class='ocrx_word' id='word_1_101' title='bbox 977 1895 1064 1970; x_wconf 87' lang='lat' dir='ltr'>fides</span> <span class='ocrx_word' id='word_1_102' title='bbox 1080 1893 1205 1970; x_wconf 89' lang='lat' dir='ltr'>haberi</span> <span class='ocrx_word' id='word_1_103' title='bbox 1218 1921 1310 1996; x_wconf 89' lang='lat' dir='ltr'>pos-</span> 
     </span>
    </p>
   </div>
   <div class='ocr_carea' id='block_1_4' title="bbox 74 2015 1311 2144">
    <p class='ocr_par' dir='ltr' id='par_1_4' title="bbox 74 2015 1311 2144">
     <span class='ocr_line' id='line_1_14' title="bbox 74 2015 1311 2144; baseline 0 -54"><span class='ocrx_word' id='word_1_104' title='bbox 74 2123 92 2144; x_wconf 50' lang='lat'><strong>·</strong></span> <span class='ocrx_word' id='word_1_105' title='bbox 168 2068 170 2074; x_wconf 27' lang='grc' dir='ltr'><em>ν</em></span> <span class='ocrx_word' id='word_1_106' title='bbox 218 2019 281 2132; x_wconf 85' lang='lat' dir='ltr'>sit,</span> <span class='ocrx_word' id='word_1_107' title='bbox 308 2015 556 2116; x_wconf 81' lang='lat' dir='ltr'>locupletiores</span> <span class='ocrx_word' id='word_1_108' title='bbox 580 2030 676 2090; x_wconf 87' lang='lat' dir='ltr'>certe</span> <span class='ocrx_word' id='word_1_109' title='bbox 700 2019 816 2090; x_wconf 84' lang='lat' dir='ltr'>testes</span> <span class='ocrx_word' id='word_1_110' title='bbox 833 2018 1086 2117; x_wconf 85' lang='lat' dir='ltr'>requirantur,</span> <span class='ocrx_word' id='word_1_111' title='bbox 1107 2044 1220 2119; x_wconf 91' lang='lat' dir='ltr'>quam</span> <span class='ocrx_word' id='word_1_112' title='bbox 1241 2021 1311 2120; x_wconf 84' lang='lat' dir='ltr'>qui</span> 
     </span>
    </p>
   </div>
   <div class='ocr_carea' id='block_1_5' title="bbox 183 2136 1314 2959">
    <p class='ocr_par' dir='ltr' id='par_1_5' title="bbox 183 2136 1314 2959">
     <span class='ocr_line' id='line_1_15' title="bbox 221 2136 1313 2242; baseline 0.002 -30"><span class='ocrx_word' id='word_1_113' title='bbox 221 2139 289 2213; x_wconf 91' lang='lat' dir='ltr'>hoc</span> <span class='ocrx_word' id='word_1_114' title='bbox 309 2138 447 2212; x_wconf 86' lang='lat' dir='ltr'>facturn</span> <span class='ocrx_word' id='word_1_115' title='bbox 466 2138 722 2237; x_wconf 89' lang='lat' dir='ltr'>prodiderunt,</span> <span class='ocrx_word' id='word_1_116' title='bbox 742 2136 983 2234; x_wconf 81' lang='lat' dir='ltr'>lamblichus,</span> <span class='ocrx_word' id='word_1_117' title='bbox 1006 2139 1177 2214; x_wconf 78' lang='lat' dir='ltr'>Boethius</span> <span class='ocrx_word' id='word_1_118' title='bbox 1194 2154 1231 2214; x_wconf 92' lang='lat' dir='ltr'>et</span> <span class='ocrx_word' id='word_1_119' title='bbox 1251 2143 1313 2242; x_wconf 84' lang='lat' dir='ltr'>ig-</span> 
     </span>
     <span class='ocr_line' id='line_1_16' title="bbox 219 2246 1312 2363; baseline 0.002 -29"><span class='ocrx_word' id='word_1_120' title='bbox 219 2246 328 2335; x_wconf 87' lang='lat' dir='ltr'>notus</span> <span class='ocrx_word' id='word_1_121' title='bbox 344 2258 494 2360; x_wconf 88' lang='lat' dir='ltr'>quidam</span> <span class='ocrx_word' id='word_1_122' title='bbox 513 2259 776 2358; x_wconf 84' lang='lat' dir='ltr'>grammaticus.</span> <span class='ocrx_word' id='word_1_123' title='bbox 827 2259 950 2360; x_wconf 85' lang='lat' dir='ltr'>Atque</span> <span class='ocrx_word' id='word_1_124' title='bbox 971 2262 1108 2336; x_wconf 88' lang='lat' dir='ltr'>etiamsi</span> <span class='ocrx_word' id='word_1_125' title='bbox 1133 2261 1312 2363; x_wconf 74' lang='lat' dir='ltr'>hi‚·quod</span> 
     </span>
     <span class='ocr_line' id='line_1_17' title="bbox 221 2378 1311 2480; baseline 0.002 -25"><span class='ocrx_word' id='word_1_126' title='bbox 221 2382 323 2456; x_wconf 83' lang='lat' dir='ltr'>facile</span> <span class='ocrx_word' id='word_1_127' title='bbox 353 2380 479 2475; x_wconf 89' lang='lat' dir='ltr'>credo,</span> <span class='ocrx_word' id='word_1_128' title='bbox 507 2379 728 2480; x_wconf 89' lang='lat' dir='ltr'>antiquiores</span> <span class='ocrx_word' id='word_1_129' title='bbox 755 2378 953 2456; x_wconf 89' lang='lat' dir='ltr'>habuerint</span> <span class='ocrx_word' id='word_1_130' title='bbox 969 2395 1160 2478; x_wconf 83' lang='lat' dir='ltr'>auctores,</span> <span class='ocrx_word' id='word_1_131' title='bbox 1187 2397 1311 2457; x_wconf 87' lang='lat' dir='ltr'>tamen</span> 
     </span>
     <span class='ocr_line' id='line_1_18' title="bbox 221 2499 1312 2604; baseline 0.004 -30"><span class='ocrx_word' id='word_1_132' title='bbox 221 2505 303 2604; x_wconf 90' lang='lat' dir='ltr'>quis</span> <span class='ocrx_word' id='word_1_133' title='bbox 328 2505 488 2601; x_wconf 85' lang='lat' dir='ltr'>ignorat,</span> <span class='ocrx_word' id='word_1_134' title='bbox 511 2529 622 2603; x_wconf 92' lang='lat' dir='ltr'>quam</span> <span class='ocrx_word' id='word_1_135' title='bbox 650 2499 837 2600; x_wconf 77' lang='grc' dir='ltr'><strong><em>φιλόμυθος</em></strong></span> <span class='ocrx_word' id='word_1_136' title='bbox 863 2503 1009 2577; x_wconf 89' lang='lat' dir='ltr'>Graecia</span> <span class='ocrx_word' id='word_1_137' title='bbox 1032 2506 1205 2580; x_wconf 89' lang='lat' dir='ltr'>fueritin</span> <span class='ocrx_word' id='word_1_138' title='bbox 1231 2505 1312 2578; x_wconf 80' lang='lat' dir='ltr'>cla-</span> 
     </span>
     <span class='ocr_line' id='line_1_19' title="bbox 221 2623 1314 2724; baseline 0.002 -25"><span class='ocrx_word' id='word_1_139' title='bbox 221 2649 348 2699; x_wconf 89' lang='lat' dir='ltr'>rorum</span> <span class='ocrx_word' id='word_1_140' title='bbox 365 2637 494 2700; x_wconf 89' lang='lat' dir='ltr'>vatum</span> <span class='ocrx_word' id='word_1_141' title='bbox 515 2636 552 2696; x_wconf 91' lang='lat' dir='ltr'>et</span> <span class='ocrx_word' id='word_1_142' title='bbox 571 2625 778 2724; x_wconf 84' lang='lat' dir='ltr'>sapientum</span> <span class='ocrx_word' id='word_1_143' title='bbox 798 2623 996 2702; x_wconf 83' lang='lat' dir='ltr'>virtutibus</span> <span class='ocrx_word' id='word_1_144' title='bbox 1019 2626 1250 2721; x_wconf 83' lang='lat' dir='ltr'>extollendis,</span> <span class='ocrx_word' id='word_1_145' title='bbox 1272 2643 1314 2701; x_wconf 92' lang='lat' dir='ltr'>et</span> 
     </span>
     <span class='ocr_line' id='line_1_20' title="bbox 221 2745 1313 2848; baseline 0.003 -28"><span class='ocrx_word' id='word_1_146' title='bbox 221 2771 334 2846; x_wconf 88' lang='lat' dir='ltr'>quam</span> <span class='ocrx_word' id='word_1_147' title='bbox 362 2745 492 2844; x_wconf 91' lang='lat' dir='ltr'>cupide</span> <span class='ocrx_word' id='word_1_148' title='bbox 526 2745 736 2848; x_wconf 83' lang='lat' dir='ltr'>Pythagorei</span> <span class='ocrx_word' id='word_1_149' title='bbox 759 2760 833 2820; x_wconf 89' lang='lat' dir='ltr'>tam</span> <span class='ocrx_word' id='word_1_150' title='bbox 859 2747 1000 2847; x_wconf 89' lang='lat' dir='ltr'>antiqui</span> <span class='ocrx_word' id='word_1_151' title='bbox 1025 2773 1137 2848; x_wconf 88' lang='lat' dir='ltr'>quam</span> <span class='ocrx_word' id='word_1_152' title='bbox 1161 2748 1313 2824; x_wconf 88' lang='lat' dir='ltr'>seriores</span> 
     </span>
     <span class='ocr_line' id='line_1_21' title="bbox 183 2865 1313 2959; baseline 0.004 -19"><span class='ocrx_word' id='word_1_153' title='bbox 183 2878 185 2882; x_wconf 83' lang='lat'>&#39;</span> <span class='ocrx_word' id='word_1_154' title='bbox 222 2893 316 2941; x_wconf 84' lang='lat' dir='ltr'>vana</span> <span class='ocrx_word' id='word_1_155' title='bbox 337 2865 405 2940; x_wconf 91' lang='lat' dir='ltr'>hac</span> <span class='ocrx_word' id='word_1_156' title='bbox 423 2865 633 2940; x_wconf 89' lang='lat' dir='ltr'>credulitate</span> <span class='ocrx_word' id='word_1_157' title='bbox 655 2866 756 2942; x_wconf 90' lang='lat' dir='ltr'>abusi</span> <span class='ocrx_word' id='word_1_158' title='bbox 776 2869 863 2959; x_wconf 90' lang='lat' dir='ltr'>sint,</span> <span class='ocrx_word' id='word_1_159' title='bbox 886 2880 930 2940; x_wconf 92' lang='lat' dir='ltr'>ut</span> <span class='ocrx_word' id='word_1_160' title='bbox 951 2881 1141 2942; x_wconf 89' lang='lat' dir='ltr'>auctorum</span> <span class='ocrx_word' id='word_1_161' title='bbox 1157 2895 1313 2945; x_wconf 89' lang='lat' dir='ltr'>snorum</span> 
     </span>
    </p>
   </div>
   <div class='ocr_carea' id='block_1_6' title="bbox 191 3031 1329 4198">
    <p class='ocr_par' dir='ltr' id='par_1_6' title="bbox 223 3031 1315 3380">
     <span class='ocr_line' id='line_1_22' title="bbox 255 3031 1314 3106; baseline -0.001 -16"><span class='ocrx_word' id='word_1_162' title='bbox 255 3034 313 3103; x_wconf 81' lang='lat'>(65)</span> <span class='ocrx_word' id='word_1_163' title='bbox 338 3035 396 3087; x_wconf 83' lang='lat' dir='ltr'>vid.</span> <span class='ocrx_word' id='word_1_164' title='bbox 413 3031 573 3086; x_wconf 72' lang='lat' dir='ltr'>lamblichus</span> <span class='ocrx_word' id='word_1_165' title='bbox 590 3032 698 3101; x_wconf 72' lang='lat' dir='ltr'>Pythag.</span> <span class='ocrx_word' id='word_1_166' title='bbox 714 3035 761 3087; x_wconf 79' lang='lat' dir='ltr'>rit.</span> <span class='ocrx_word' id='word_1_167' title='bbox 778 3033 870 3100; x_wconf 75' lang='lat'><em>§1133</em></span> <span class='ocrx_word' id='word_1_168' title='bbox 892 3031 1015 3086; x_wconf 71' lang='lat' dir='ltr'>Boethius</span> <span class='ocrx_word' id='word_1_169' title='bbox 1036 3034 1069 3086; x_wconf 92' lang='lat' dir='ltr'>de</span> <span class='ocrx_word' id='word_1_170' title='bbox 1090 3035 1180 3087; x_wconf 84' lang='lat' dir='ltr'>music.</span> <span class='ocrx_word' id='word_1_171' title='bbox 1202 3051 1258 3106; x_wconf 84' lang='lat' dir='ltr'>cap.</span> <span class='ocrx_word' id='word_1_172' title='bbox 1283 3055 1314 3103; x_wconf 88' lang='lat' dir='ltr'>r;</span> 
     </span>
     <span class='ocr_line' id='line_1_23' title="bbox 223 3122 1312 3192; baseline 0.002 -12"><span class='ocrx_word' id='word_1_173' title='bbox 223 3123 358 3180; x_wconf 73' lang='lat' dir='ltr'>Scholialt.</span> <span class='ocrx_word' id='word_1_174' title='bbox 379 3124 500 3188; x_wconf 83' lang='lat' dir='ltr'>Hermog.</span> <span class='ocrx_word' id='word_1_175' title='bbox 523 3140 549 3191; x_wconf 93' lang='lat' dir='ltr'>p.</span> <span class='ocrx_word' id='word_1_176' title='bbox 568 3122 626 3176; x_wconf 82' lang='grc'><strong><em>383.</em></strong></span> <span class='ocrx_word' id='word_1_177' title='bbox 664 3123 776 3192; x_wconf 84' lang='lat' dir='ltr'>Hospitis</span> <span class='ocrx_word' id='word_1_178' title='bbox 795 3139 891 3175; x_wconf 88' lang='lat' dir='ltr'>nomen</span> <span class='ocrx_word' id='word_1_179' title='bbox 908 3139 978 3175; x_wconf 83' lang='lat' dir='ltr'>nnus</span> <span class='ocrx_word' id='word_1_180' title='bbox 996 3133 1125 3176; x_wconf 84' lang='lat' dir='ltr'>memorat</span> <span class='ocrx_word' id='word_1_181' title='bbox 1141 3125 1312 3183; x_wconf 74' lang='lat' dir='ltr'>lamblichus.</span> 
     </span>
     <span class='ocr_line' id='line_1_24' title="bbox 224 3212 1315 3290; baseline 0.001 -20"><span class='ocrx_word' id='word_1_182' title='bbox 224 3216 299 3270; x_wconf 90' lang='lat' dir='ltr'>Idem</span> <span class='ocrx_word' id='word_1_183' title='bbox 321 3214 449 3280; x_wconf 84' lang='lat' dir='ltr'>eleganter</span> <span class='ocrx_word' id='word_1_184' title='bbox 469 3213 556 3266; x_wconf 87' lang='lat' dir='ltr'>lenem</span> <span class='ocrx_word' id='word_1_185' title='bbox 573 3213 646 3264; x_wconf 90' lang='lat' dir='ltr'>illum</span> <span class='ocrx_word' id='word_1_186' title='bbox 663 3220 692 3265; x_wconf 93' lang='lat' dir='ltr'>et</span> <span class='ocrx_word' id='word_1_187' title='bbox 708 3229 814 3264; x_wconf 78' lang='lat' dir='ltr'>suavem</span> <span class='ocrx_word' id='word_1_188' title='bbox 831 3212 923 3264; x_wconf 77' lang='lat' dir='ltr'>cantho</span> <span class='ocrx_word' id='word_1_189' title='bbox 938 3213 1046 3290; x_wconf 77' lang='lat' dir='ltr'>modurn</span> <span class='ocrx_word' id='word_1_190' title='bbox 1061 3217 1206 3269; x_wconf 81' lang='lat' dir='ltr'>Homericis</span> <span class='ocrx_word' id='word_1_191' title='bbox 1224 3219 1315 3271; x_wconf 80' lang='lat' dir='ltr'>verbis</span> 
     </span>
     <span class='ocr_line' id='line_1_25' title="bbox 224 3303 1092 3380; baseline -0.003 -22"><span class='ocrx_word' id='word_1_192' title='bbox 224 3307 361 3374; x_wconf 72' lang='lat' dir='ltr'>significata</span> <span class='ocrx_word' id='word_1_193' title='bbox 381 3308 629 3373; x_wconf 74' lang='grc' dir='ltr'><strong><em>μεθαρμοσάμενος</em></strong></span> <span class='ocrx_word' id='word_1_194' title='bbox 648 3304 736 3364; x_wconf 73' lang='grc' dir='ltr'>εὐθὺς</span> <span class='ocrx_word' id='word_1_195' title='bbox 755 3303 940 3374; x_wconf 75' lang='grc' dir='ltr'><strong><em>ἀνεκρούοοτο</em></strong></span> <span class='ocrx_word' id='word_1_196' title='bbox 958 3307 1008 3356; x_wconf 72' lang='grc' dir='ltr'>κδ’</span> <span class='ocrx_word' id='word_1_197' title='bbox 1045 3370 1049 3380; x_wconf 40' lang='lat'><strong><em>¹</em></strong></span> <span class='ocrx_word' id='word_1_198' title='bbox 1088 3319 1092 3332; x_wconf 73' lang='lat'><em>&#39;</em></span> 
     </span>
    </p>

    <p class='ocr_par' dir='ltr' id='par_1_7' title="bbox 226 3397 1317 3561">
     <span class='ocr_line' id='line_1_26' title="bbox 363 3397 1162 3467; baseline 0 -17"><span class='ocrx_word' id='word_1_199' title='bbox 363 3400 505 3466; x_wconf 70' lang='grc' dir='ltr'>νηπενθές</span> <span class='ocrx_word' id='word_1_200' title='bbox 520 3398 547 3451; x_wconf 82' lang='grc' dir='ltr'>τ’</span> <span class='ocrx_word' id='word_1_201' title='bbox 567 3397 669 3467; x_wconf 65' lang='grc' dir='ltr'><strong><em>ἄχολόν</em></strong></span> <span class='ocrx_word' id='word_1_202' title='bbox 686 3417 735 3462; x_wconf 79' lang='grc' dir='ltr'>τε,</span> <span class='ocrx_word' id='word_1_203' title='bbox 755 3399 846 3452; x_wconf 73' lang='grc' dir='ltr'><strong><em>κακῶν</em></strong></span> <span class='ocrx_word' id='word_1_204' title='bbox 862 3398 1001 3467; x_wconf 69' lang='grc' dir='ltr'>ἐπίληθον</span> <span class='ocrx_word' id='word_1_205' title='bbox 1016 3399 1162 3462; x_wconf 72' lang='grc' dir='ltr'>ἁπάντων,</span> 
     </span>
     <span class='ocr_line' id='line_1_27' title="bbox 226 3487 1317 3561; baseline 0 -18"><span class='ocrx_word' id='word_1_206' title='bbox 226 3495 298 3545; x_wconf 75' lang='grc' dir='ltr'><strong><em>κατὰ</em></strong></span> <span class='ocrx_word' id='word_1_207' title='bbox 310 3495 359 3544; x_wconf 82' lang='grc' dir='ltr'>τὸν</span> <span class='ocrx_word' id='word_1_208' title='bbox 370 3497 494 3561; x_wconf 73' lang='grc' dir='ltr'>ποιητήν.</span> <span class='ocrx_word' id='word_1_209' title='bbox 512 3490 612 3558; x_wconf 79' lang='lat' dir='ltr'>(odyss.</span> <span class='ocrx_word' id='word_1_210' title='bbox 625 3493 655 3554; x_wconf 79' lang='lat' dir='ltr'>d,</span> <span class='ocrx_word' id='word_1_211' title='bbox 670 3493 738 3554; x_wconf 80' lang='lat' dir='ltr'>aar.)</span> <span class='ocrx_word' id='word_1_212' title='bbox 750 3507 817 3560; x_wconf 89' lang='lat' dir='ltr'>quae</span> <span class='ocrx_word' id='word_1_213' title='bbox 828 3489 914 3560; x_wconf 88' lang='lat' dir='ltr'>lepide</span> <span class='ocrx_word' id='word_1_214' title='bbox 928 3493 1051 3558; x_wconf 79' lang='lat' dir='ltr'>sonamy,</span> <span class='ocrx_word' id='word_1_215' title='bbox 1062 3508 1090 3560; x_wconf 88' lang='lat' dir='ltr'>p.</span> <span class='ocrx_word' id='word_1_216' title='bbox 1100 3487 1142 3550; x_wconf 82' lang='grc'>65,</span> <span class='ocrx_word' id='word_1_217' title='bbox 1155 3497 1183 3542; x_wconf 89' lang='lat' dir='ltr'>et</span> <span class='ocrx_word' id='word_1_218' title='bbox 1194 3489 1317 3544; x_wconf 75' lang='lat' dir='ltr'>Sturrins</span> 
     </span>
    </p>

    <p class='ocr_par' dir='ltr' id='par_1_8' title="bbox 191 3559 1317 3923">
     <span class='ocr_line' id='line_1_28' title="bbox 225 3559 1316 3652; baseline -0.003 -16"><span class='ocrx_word' id='word_1_219' title='bbox 225 3601 254 3652; x_wconf 87' lang='lat' dir='ltr'>p.</span> <span class='ocrx_word' id='word_1_220' title='bbox 263 3583 296 3636; x_wconf 89' lang='grc'>66</span> <span class='ocrx_word' id='word_1_221' title='bbox 311 3584 348 3636; x_wconf 86' lang='lat' dir='ltr'>sic</span> <span class='ocrx_word' id='word_1_222' title='bbox 358 3583 640 3652; x_wconf 72' lang='lat' dir='ltr'>intellexerunt‚.quasi</span> <span class='ocrx_word' id='word_1_223' title='bbox 657 3578 817 3634; x_wconf 81' lang='lat' dir='ltr'>lamblichus</span> <span class='ocrx_word' id='word_1_224' title='bbox 829 3579 986 3646; x_wconf 81' lang='lat' dir='ltr'>significaret</span> <span class='ocrx_word' id='word_1_225' title='bbox 998 3578 1182 3648; x_wconf 85' lang='lat' dir='ltr'>Empedoclem</span> <span class='ocrx_word' id='word_1_226' title='bbox 1193 3559 1316 3634; x_wconf 51' lang='lat' dir='ltr'>&amp;nendo</span> 
     </span>
     <span class='ocr_line' id='line_1_29' title="bbox 191 3658 1315 3739; baseline -0.001 -14"><span class='ocrx_word' id='word_1_227' title='bbox 191 3658 193 3662; x_wconf 43' lang='grc'><strong>’</strong></span> <span class='ocrx_word' id='word_1_228' title='bbox 226 3671 275 3726; x_wconf 85' lang='lat' dir='ltr'>hos</span> <span class='ocrx_word' id='word_1_229' title='bbox 296 3675 404 3726; x_wconf 85' lang='lat' dir='ltr'>Homeri</span> <span class='ocrx_word' id='word_1_230' title='bbox 421 3690 516 3728; x_wconf 77' lang='lat' dir='ltr'>versus</span> <span class='ocrx_word' id='word_1_231' title='bbox 530 3670 640 3724; x_wconf 87' lang='lat' dir='ltr'>furentis</span> <span class='ocrx_word' id='word_1_232' title='bbox 656 3671 722 3723; x_wconf 86' lang='lat' dir='ltr'>iram</span> <span class='ocrx_word' id='word_1_233' title='bbox 739 3669 847 3722; x_wconf 81' lang='lat' dir='ltr'>sedasse.</span> <span class='ocrx_word' id='word_1_234' title='bbox 882 3670 919 3722; x_wconf 79' lang='lat' dir='ltr'>ef.</span> <span class='ocrx_word' id='word_1_235' title='bbox 934 3671 1005 3721; x_wconf 87' lang='lat' dir='ltr'>Voss.</span> <span class='ocrx_word' id='word_1_236' title='bbox 1023 3669 1057 3722; x_wconf 89' lang='lat' dir='ltr'>de</span> <span class='ocrx_word' id='word_1_237' title='bbox 1073 3686 1139 3722; x_wconf 82' lang='lat' dir='ltr'>mus.</span> <span class='ocrx_word' id='word_1_238' title='bbox 1156 3685 1182 3739; x_wconf 91' lang='lat' dir='ltr'>p.</span> <span class='ocrx_word' id='word_1_239' title='bbox 1201 3669 1250 3732; x_wconf 71' lang='lat'>45,</span> <span class='ocrx_word' id='word_1_240' title='bbox 1266 3670 1315 3733; x_wconf 57' lang='lat' dir='ltr'>pu,</span> 
     </span>
     <span class='ocr_line' id='line_1_30' title="bbox 226 3759 1317 3832; baseline 0 -16"><span class='ocrx_word' id='word_1_241' title='bbox 226 3763 345 3818; x_wconf 85' lang='lat' dir='ltr'>Eundem</span> <span class='ocrx_word' id='word_1_242' title='bbox 358 3765 451 3816; x_wconf 77' lang='lat' dir='ltr'>cantus</span> <span class='ocrx_word' id='word_1_243' title='bbox 466 3763 572 3816; x_wconf 85' lang='lat' dir='ltr'>modum</span> <span class='ocrx_word' id='word_1_244' title='bbox 585 3759 670 3814; x_wconf 87' lang='lat' dir='ltr'>Schol.</span> <span class='ocrx_word' id='word_1_245' title='bbox 681 3763 803 3826; x_wconf 78' lang='lat' dir='ltr'>Her-mog.</span> <span class='ocrx_word' id='word_1_246' title='bbox 817 3759 943 3826; x_wconf 81' lang='lat' dir='ltr'>significat</span> <span class='ocrx_word' id='word_1_247' title='bbox 955 3761 1059 3814; x_wconf 69' lang='lat' dir='ltr'>dicensi</span> <span class='ocrx_word' id='word_1_248' title='bbox 1076 3764 1317 3832; x_wconf 75' lang='grc' dir='ltr'><strong><em>ἀμακρουσάμοκός</em></strong></span> 
     </span>
     <span class='ocr_line' id='line_1_31' title="bbox 227 3852 874 3923; baseline -0.006 -15"><span class='ocrx_word' id='word_1_249' title='bbox 227 3878 256 3908; x_wconf 72' lang='grc' dir='ltr'>τι</span> <span class='ocrx_word' id='word_1_250' title='bbox 272 3857 515 3923; x_wconf 76' lang='grc' dir='ltr'><strong><em>καταστηματικὸν</em></strong></span> <span class='ocrx_word' id='word_1_251' title='bbox 531 3861 568 3923; x_wconf 84' lang='grc' dir='ltr'>τῇ</span> <span class='ocrx_word' id='word_1_252' title='bbox 585 3855 691 3923; x_wconf 73' lang='grc' dir='ltr'><strong><em>κιθάρᾳ</em></strong></span> <span class='ocrx_word' id='word_1_253' title='bbox 709 3852 797 3917; x_wconf 70' lang='grc' dir='ltr'>μέλος.</span> <span class='ocrx_word' id='word_1_254' title='bbox 871 3885 874 3890; x_wconf 70' lang='lat'><em>,</em></span> 
     </span>
    </p>

    <p class='ocr_par' dir='ltr' id='par_1_9' title="bbox 227 3942 1317 4110">
     <span class='ocr_line' id='line_1_32' title="bbox 257 3942 1317 4017; baseline 0.001 -17"><span class='ocrx_word' id='word_1_255' title='bbox 257 3947 319 4014; x_wconf 86' lang='grc'><strong>(66)</strong></span> <span class='ocrx_word' id='word_1_256' title='bbox 334 3947 469 4000; x_wconf 83' lang='lat' dir='ltr'>Fabricius</span> <span class='ocrx_word' id='word_1_257' title='bbox 486 3948 565 4000; x_wconf 83' lang='lat' dir='ltr'>etiam</span> <span class='ocrx_word' id='word_1_258' title='bbox 583 3945 653 3998; x_wconf 88' lang='lat' dir='ltr'>bunc</span> <span class='ocrx_word' id='word_1_259' title='bbox 664 3942 802 3998; x_wconf 70' lang='lat' dir='ltr'>Ancbitnm</span> <span class='ocrx_word' id='word_1_260' title='bbox 814 3943 841 3995; x_wconf 87' lang='lat' dir='ltr'>in</span> <span class='ocrx_word' id='word_1_261' title='bbox 853 3944 1075 4012; x_wconf 75' lang='lat' dir='ltr'>Pythagoreorum</span> <span class='ocrx_word' id='word_1_262' title='bbox 1085 3945 1202 4016; x_wconf 76' lang='lat' dir='ltr'>catalogo</span> <span class='ocrx_word' id='word_1_263' title='bbox 1211 3946 1317 4017; x_wconf 84' lang='lat' dir='ltr'>posuit;</span> 
     </span>
     <span class='ocr_line' id='line_1_33' title="bbox 227 4033 1067 4110; baseline -0.004 -19"><span class='ocrx_word' id='word_1_264' title='bbox 227 4057 282 4110; x_wconf 86' lang='lat' dir='ltr'>quo</span> <span class='ocrx_word' id='word_1_265' title='bbox 293 4041 352 4107; x_wconf 84' lang='lat' dir='ltr'>jure</span> <span class='ocrx_word' id='word_1_266' title='bbox 359 4073 368 4099; x_wconf 88' lang='lat'>‚</span> <span class='ocrx_word' id='word_1_267' title='bbox 381 4038 435 4108; x_wconf 75' lang='lat' dir='ltr'>ipre</span> <span class='ocrx_word' id='word_1_268' title='bbox 446 4037 549 4091; x_wconf 86' lang='lat' dir='ltr'>viderit.</span> <span class='ocrx_word' id='word_1_269' title='bbox 578 4036 635 4089; x_wconf 83' lang='lat' dir='ltr'>vtd.</span> <span class='ocrx_word' id='word_1_270' title='bbox 647 4034 711 4088; x_wconf 81' lang='lat' dir='ltr'>sibl.</span> <span class='ocrx_word' id='word_1_271' title='bbox 724 4037 766 4087; x_wconf 86' lang='lat' dir='ltr'>Gr.</span> <span class='ocrx_word' id='word_1_272' title='bbox 779 4035 808 4088; x_wconf 80' lang='grc' dir='ltr'>Τ.</span> <span class='ocrx_word' id='word_1_273' title='bbox 820 4036 851 4093; x_wconf 87' lang='lat'>1.</span> <span class='ocrx_word' id='word_1_274' title='bbox 869 4051 895 4104; x_wconf 90' lang='lat' dir='ltr'>p.</span> <span class='ocrx_word' id='word_1_275' title='bbox 905 4033 954 4088; x_wconf 78' lang='grc'>836</span> <span class='ocrx_word' id='word_1_276' title='bbox 965 4034 1067 4091; x_wconf 76' lang='lat' dir='ltr'>Harlea.</span> 
     </span>
    </p>

    <p class='ocr_par' dir='ltr' id='par_1_10' title="bbox 261 4123 1329 4198">
     <span class='ocr_line' id='line_1_34' title="bbox 261 4123 1329 4198; baseline 0.001 -18"><span class='ocrx_word' id='word_1_277' title='bbox 261 4128 320 4196; x_wconf 76' lang='lat'><strong>(67)</strong></span> <span class='ocrx_word' id='word_1_278' title='bbox 335 4127 520 4194; x_wconf 84' lang='lat' dir='ltr'>Exemplorum</span> <span class='ocrx_word' id='word_1_279' title='bbox 539 4128 640 4197; x_wconf 85' lang='lat' dir='ltr'>copiam</span> <span class='ocrx_word' id='word_1_280' title='bbox 657 4127 734 4180; x_wconf 82' lang='lat' dir='ltr'>affert</span> <span class='ocrx_word' id='word_1_281' title='bbox 750 4127 779 4177; x_wconf 78' lang='lat' dir='ltr'>G.</span> <span class='ocrx_word' id='word_1_282' title='bbox 796 4127 831 4178; x_wconf 91' lang='lat' dir='ltr'>H.</span> <span class='ocrx_word' id='word_1_283' title='bbox 849 4123 935 4186; x_wconf 86' lang='lat' dir='ltr'>Bode,</span> <span class='ocrx_word' id='word_1_284' title='bbox 952 4124 1032 4196; x_wconf 83' lang='lat' dir='ltr'>orph.</span> <span class='ocrx_word' id='word_1_285' title='bbox 1051 4145 1077 4196; x_wconf 93' lang='lat' dir='ltr'>p.</span> <span class='ocrx_word' id='word_1_286' title='bbox 1097 4144 1136 4192; x_wconf 64' lang='grc' dir='ltr'>ιο,</span> <span class='ocrx_word' id='word_1_287' title='bbox 1155 4147 1180 4182; x_wconf 90' lang='lat' dir='ltr'>n.</span> <span class='ocrx_word' id='word_1_288' title='bbox 1200 4141 1237 4181; x_wconf 80' lang='lat' dir='ltr'>ra.</span> <span class='ocrx_word' id='word_1_289' title='bbox 1299 4155 1302 4161; x_wconf 28' lang='grc' dir='ltr'><strong><em>ο</em></strong></span> <span class='ocrx_word' id='word_1_290' title='bbox 1327 4195 1329 4198; x_wconf 14' lang='grc' dir='ltr'>η</span> 
     </span>
    </p>
   </div>
   <div class='ocr_carea' id='block_1_7' title="bbox 0 0 1411 4916">
    <p class='ocr_par' dir='ltr' id='par_1_11' title="bbox 0 0 1411 4916">
     <span class='ocr_line' id='line_1_35' title="bbox 0 0 1411 4916; baseline 0 0"><span class='ocrx_word' id='word_1_291' title='bbox 0 0 1411 4916; x_wconf 95' lang='lat' dir='ltr'> </span> 
     </span>
    </p>
   </div>
  </div>
 </body>
</html>
