2768 4910
660 420 708 468 DE
730 417 945 472 nutemus

754 767 854 851 §ra

290 994 354 1068 De
369 1005 497 1066 mutuo
512 995 768 1067 elementorum
783 997 1035 1068 communione
1041 1028 1058 1088 ‚·
1074 996 1119 1068 de
1134 999 1294 1071 similium

397 1167 403 1182 ·
464 1139 709 1234 oppetitione5
732 1139 777 1212 de
796 1143 920 1237 poris,·
943 1141 989 1214 de
1010 1169 1139 1216 vacuo.

309 1333 496 1430 Superius,
530 1331 568 1404 in
593 1331 853 1407 elementorum
877 1337 1044 1409 naturam
1068 1336 1312 1428 considerando,

260 1452 468 1531 videbamus
500 1453 638 1553 singula
664 1480 728 1553 per
752 1481 789 1528 se
814 1469 888 1528 tota
912 1469 948 1528 et
973 1454 1207 1551 individua93
1234 1485 1314 1531 num

258 1599 344 1652 vero
367 1572 572 1650 videbimus
596 1576 734 1649 misceri
759 1577 883 1650 eadem
908 1591 945 1649 et
969 1577 1073 1651 variis
1097 1577 1209 1652 modis
1232 1607 1313 1652 com-

257 1697 355 1796 poni.
407 1696 594 1786 Quomodo
608 1679 697 1771 baec
712 1696 916 1800 quadrant?
937 1697 1147 1797 Explicatio‚
1165 1700 1205 1772 ni
1221 1701 1313 1786 fallor,

256 1817 345 1891 haec
368 1832 432 1892 est.
483 1820 659 1919 Principio
685 1818 915 1918 Empedocles
938 1818 1184 1895 considerabat
1207 1847 1312 1894 rerum

255 1939 431 2014 elementa
448 1943 521 2041 ipsa
544 1968 609 2041 per
627 1968 675 2036 se,
697 1943 771 2017 sive
787 1940 1047 2015 elementorum
1064 1943 1224 2016 notiones
1236 1970 1311 2042 qua-

254 2060 307 2135 les
331 2063 537 2162 cogitatione
568 2060 826 2159 informantur3
858 2089 959 2136 nunc
990 2089 1074 2136 vero
1101 2090 1141 2137 ea
1166 2067 1312 2162 proponit

224 2183 354 2276 talia,
388 2185 506 2284 qualia
534 2184 574 2257 in
605 2210 730 2258 rerum
756 2201 886 2260 natura
914 2211 987 2258 sese
1009 2184 1215 2259 ostendunt.
1263 2185 1314 2254 Hic
1377 2247 1378 2264 ἶ

252 2330 337 2404 ergo
360 2304 571 2378 immortalia
596 2332 720 2382 rerum
739 2307 918 2410 elementa
933 2320 1105 2406 apparent
1124 2303 1313 2378 mortalibus

251 2426 379 2500 induta
399 2427 521 2500 formis
542 2438 595 2518 ¹0,
621 2453 695 2501 non
719 2429 872 2526 amplius
896 2443 1057 2520 aeterna,
1075 2426 1230 2524 integra,
1246 2426 1313 2498 locis

248 2547 417 2640 disclusa,
439 2547 501 2621 sed
521 2547 673 2642 caduca,
694 2551 825 2644 fracta,
848 2551 887 2624 in
911 2541 1027 2649 partes
1050 2564 1087 2624 et
1110 2562 1245 2622 atomos
1264 2547 1313 2619 di·

250 2669 344 2760 visa,
368 2671 514 2745 confusa
534 2672 630 2746 inter
649 2697 687 2745 se
707 2672 835 2746 omnia.
885 2672 929 2745 In
953 2671 1038 2745 baec
1058 2670 1209 2771 quadrat
1230 2667 1311 2769 quod
1376 2733 1377 2774 ἐ

249 2788 411 2889 quidam,
429 2811 472 2866 ut
487 2794 652 2893 superius
671 2792 743 2893 jam
763 2795 1059 2886 memoravimus,
1076 2791 1310 2890 prodiderunt,

248 2911 501 3012 Empedoclem
525 2915 700 2989 elementa
725 2941 746 2988 e
769 2915 987 2989 tenuissimis
1015 2913 1200 3014 particulis
1225 2914 1310 3014 quasi

247 3034 460 3110 monadibus
470 3061 535 3110 seu
546 3039 669 3110 atomis
692 3034 848 3110 conflare
865 3038 924 3129 ¹¹3
949 3038 1034 3109 item
1046 3035 1142 3136 quod
1153 3035 1212 3108 alii
1221 3050 1311 3108 retu-

246 3151 339 3248 lere,
361 3154 537 3232 elementa
564 3185 637 3232 non
661 3161 836 3258 perpetuo
860 3173 1021 3231 constare
1046 3158 1129 3230 locis
1156 3156 1310 3244 disclusa,

245 3274 308 3348 sed
344 3281 597 3353 communione
629 3283 724 3353 inter
755 3306 793 3353 se
826 3282 1002 3354 contineri
1026 3291 1079 3350 ¹2.
1142 3280 1219 3352 Etsi
1249 3280 1310 3377 ipsc
1375 3343 1376 3348 ,

245 3397 393 3496 quidem
422 3399 468 3474 de
499 3401 565 3474 bac
593 3402 854 3478 elementorum
886 3403 1074 3500 partitione
1100 3401 1308 3484 nihildum,
1375 3393 1376 3416 *

278 3643 333 3707 (9)
351 3639 410 3692 vid.
429 3659 506 3712 supra
525 3643 541 3712 ἓ
562 3660 584 3708 7,
606 3661 632 3714 p.
644 3644 692 3697 338
703 3661 740 3715 sq.

244 3734 248 3744 '
278 3733 334 3797 (ro)
355 3733 412 3784 viu.
429 3735 535 3803 Emped.
554 3753 591 3789 vr.
614 3739 674 3800 178:
696 3741 790 3805 θνητὰ
812 3741 847 3788 τὰ
864 3738 932 3806 πρὶν
950 3727 1042 3801 pitens
1060 3736 1182 3789 ἀθάνατ’
1206 3731 1278 3788 εἶναι.

275 3826 333 3885 (ιι)
350 3822 408 3872 vid.
432 3839 509 3893 supra
530 3825 577 3878 1.Ι.
842 3879 845 3883 ,

276 3913 334 3975 (re)
353 3910 394 3961 Sic
412 3912 542 3967 Plutarch.
564 3915 631 3969 Plac.
651 3919 715 3988 phil.
735 3922 778 3984 11,
802 3937 828 3984 7:
846 3918 937 3983 'Eum
957 3925 995 3988 μὴ
1014 3922 1061 3971 διὰ
1081 3923 1185 3978 παντὸς
1204 3920 1307 3970 ἑστῶτας
1374 3935 1375 3942 ’

244 4000 318 4070 μηδὲ
329 4001 490 4074 ὡρισμένους
504 4008 570 4068 τούς
581 3994 684 4070 edredus
694 4012 750 4064 τῶν
762 4012 922 4083 στοιχείων,
939 4013 1010 4066 ἀλλὰ
1024 4015 1117 4066 πάντα
1134 4031 1189 4073 πως
1201 4010 1309 4079 ἀλλήλων

244 4096 482 4164 μεταλαμβάνειν.
519 4100 593 4155 Unde
609 4103 701 4156 Euseb.
720 4104 810 4172 Praep.
829 4106 876 4158 Eu.
894 4105 951 4168 XV,
970 4105 1010 4158 38.
1026 4122 1052 4174 p.
1067 4108 1116 4168 844
1131 4111 1157 4158 B.
1191 4105 1260 4159 Iden
1271 4099 1307 4153 ted
