2796 4914
475 400 717 460 rmnosorn‘m.
1074 381 1138 456 337

72 579 106 649 ln
127 577 195 648 boc
215 576 338 650 haeret
358 575 578 670 Aristoteles,
602 595 781 678 quaerens
803 601 877 676 quo
900 593 1009 648 sensu
1029 576 1140 647 intel-

71 699 244 798 ligendum
256 700 367 772 sit⁰1.
420 701 535 775 »Nam
554 701 704 790 mirum,
721 697 857 797 inquit,
871 699 1045 791 videatur,
1056 689 1140 769 Em÷

70 820 258 920 pedoclem,
289 847 373 894 cum
397 821 574 896 elementa
600 824 637 894 in
661 847 699 894 se
724 821 857 893 mutari
882 835 918 892 et
939 845 1138 892 commeare

71 957 186 1042 neget,
214 942 338 1016 eadem
366 945 482 1018 facere
511 945 722 1046 aequalia
752 939 859 1040 (irolz
890 939 1040 1014 sienim
1067 939 1140 1012 sint

72 1065 243 1164 aequalia,
255 1064 387 1138 debent
401 1091 475 1140 esse
492 1065 807 1165 comparabilia
825 1059 1060 1164 (συμβληταὶ),
1075 1059 1139 1133 ie.

70 1183 196 1259 debent
211 1185 343 1260 babere
358 1185 494 1288 aliquid
512 1213 794 1286 communequo
806 1213 933 1260 eorum
950 1183 1143 1285 aequalitas

71 1309 301 1401 examinetur,
320 1310 395 1385 sive
417 1307 507 1381 illud
529 1309 566 1380 in
584 1310 784 1408 quantitate
800 1307 958 1408 positum
976 1309 1020 1378 sit
1038 1304 1095 1401 (ut
1115 1305 1143 1376 si

8 1489 9 1492 ,
72 1449 110 1502 ex
130 1454 208 1503 uno
227 1456 342 1530 aquae
361 1430 515 1505 sextario
537 1431 623 1503 liant
643 1430 733 1504 aeris
756 1429 909 1527 decem),
931 1431 1005 1504 sive
1021 1428 1060 1499 in
1076 1453 1145 1524 po-

72 1563 191 1626 testate
225 1552 282 1651 (ut
312 1554 339 1626 si
369 1579 469 1626 unus
499 1579 613 1654 aquae
640 1555 814 1627 sextarius
841 1566 984 1626 tantum
1009 1549 1149 1648 frigoris

71 1669 195 1746 habeat
227 1687 410 1772 quantum
442 1672 532 1746 aeris
563 1671 711 1771 (leuem).
763 1671 899 1766 Quodsi
933 1671 1001 1743 hoo
1038 1693 1146 1742 sensu

72 1793 228 1893 aequalia
244 1793 435 1884 habentur,
447 1817 523 1866 non
541 1807 689 1892 possunt
704 1817 779 1866 esse
794 1791 1031 1866 immutabilia
1047 1789 1149 1885 (ἕνμε-

73 1913 260 2011 stenaro).
311 1914 359 1986 At
384 1913 527 2010 possint
548 1913 658 1986 etiam
694 1915 889 2011 comparari
923 1913 1150 2012 proportione

1240 1280 1246 1353 Ι
1346 1231 1351 1246 .

1232 1489 1282 1532 ts

72 2037 158 2129 (κατ’
183 2037 378 2135 ἀννιλνγὶνιν)
396 2059 468 2134 qua
488 2059 545 2106 res
564 2032 725 2108 diversae
747 2035 999 2125 conseruntur,
1020 2034 1154 2126 veluti,
1213 2029 1250 2101 ‘5

73 2159 137 2232 tale
157 2159 219 2234 vel
242 2170 386 2231 tanturn
409 2157 446 2228 in
471 2154 538 2227 hoc
560 2153 733 2246 mlidum,
756 2169 938 2254 quantum
961 2158 999 2227 in
1021 2155 1081 2228 illo
1103 2156 1154 2227 al·

73 2279 173 2357 bum.
224 2282 320 2378 Ergo
349 2279 377 2350 si
402 2278 536 2352 mutari
558 2275 653 2348 inter
677 2300 716 2348 se
739 2274 917 2348 elementa
943 2292 1155 2377 nequeunt,

74 2403 299 2502 proportione
328 2397 577 2498 comparabilia
608 2398 699 2490 sint,
728 2424 801 2472 non
831 2411 953 2470 autem
988 2401 1154 2474 mensura

74 2522 128 2596 vel
153 2536 327 2623 potestate
350 2517 545 2620 aequalia.”
586 2519 682 2593 Haec
706 2519 919 2594 Aristoteles.
961 2521 1156 2604 Fateamur

75 2647 255 2742 profecto,
287 2641 538 2740 Empedoclem
567 2642 787 2740 aequalitatis
811 2639 960 2714 modum
986 2657 1156 2714 nontam
1258 2697 1262 2701 -

76 2765 197 2837 subtili
223 2766 360 2838 trutina
378 2764 610 2838 examinasse.
661 2763 744 2855 Quo
761 2777 881 2834 tamen
902 2788 1007 2835 sensu
1030 2789 1158 2859 aequa·

74 2885 117 2959 lia
140 2913 182 2958 ac
199 2886 301 2983 paria
319 2886 460 2975 dixerit,
474 2883 574 2955 baud
592 2882 802 2958 obscurum:
824 2883 938 2959 voluit
956 2897 992 2955 et
1012 2899 1156 2958 aeterne

76 3033 150 3082 esse
174 3021 304 3080 cuneta
331 3021 367 3080 et
389 3005 529 3106 aequali
552 3006 647 3078 inter
667 3030 704 3078 se
722 3018 893 3103 potestate
917 3029 956 3076 ac
981 3005 1157 3104 pondere,

76 3127 170 3202 sieut
187 3131 263 3227 ipse
279 3126 482 3200 Aristoteles
500 3124 567 3198 alio
587 3123 661 3200 loco
677 3124 811 3226 judicat
829 3131 891 3220 ⁸²3
912 3152 960 3200 ne
977 3127 1162 3217 videlicet,

77 3249 104 3320 si
121 3249 223 3322 aliud
241 3275 368 3322 eorum
380 3247 568 3337 valentius,
582 3245 680 3320 aliud
696 3245 1022 3341 imbecilliusesset,
1039 3273 1158 3322 unum

75 3368 216 3472 reliqua
259 3370 475 3468 opprimeret
514 3394 554 3442 ac
588 3367 856 3465 pessumdaret,
894 3393 1010 3468 eoque
1047 3372 1161 3444 omnis

106 3629 170 3692 (81)
186 3627 291 3682 Aristot.
310 3629 401 3680 Gener.
423 3634 450 3678 et
470 3628 541 3679 Corr.
562 3630 599 3690 11,
621 3627 646 3678 6.
661 3625 744 3694 princ.
763 3642 789 3694 p.
808 3626 869 3688 404.
888 3583 1026 3674 3332ll'
1039 3568 1067 3674 ll

107 3739 166 3807 (ὃν)
182 3741 286 3792 Αιίνῐοῑ.
304 3741 413 3792 Meteor.
434 3743 456 3802 I,
477 3739 500 3790 3.
513 3757 538 3808 p.
560 3741 606 3801 ίμι
633 3741 664 3792 G:
686 3741 812 3806 διαφέρει
834 3736 862 3790 δ’
883 3738 983 3803 οὐθὲν,
1005 3739 1072 3792 etet
1095 3741 1164 3800 clete

75 3835 162 3900 φήσει
182 3832 232 3895 μὲν
251 3835 288 3899 μὴ
307 3835 458 3896 ripaealtae
476 3835 570 3886 ταῦτα
586 3830 634 3900 (τὰ
653 3831 791 3902 στοιχεῖα)
807 3837 833 3894 ἐξ
850 3833 986 3902 ἀλλήλων,
1007 3829 1054 3886 ἶσα
1069 3838 1164 3898 μέντοι

76 3931 130 3993 τὴν
149 3926 268 3990 δύναμιν
286 3919 368 3978 εἶναι·
387 3929 458 3979 κατὰ
476 3927 732 3997 τοῦτον(ταύτὸνῖ)
744 3930 795 3995 γὰρ
812 3931 860 3980 τὸν
876 3931 980 3998 τρόπον
996 3931 1101 3997 ἀνάγκη
1114 3937 1166 3996 τὴν

77 4021 200 4088 ἰσότητα
225 4026 275 4088 τῆς
299 4022 441 4085 δυνάμεως
464 4020 602 4091 ὑπάρχειν
621 4031 679 4078 τοῖς
705 4024 856 4086 μεγέθεσιν
881 4022 988 4084 αὐτῶν,
1010 4023 1099 4092 ὥσπερ
1117 4025 1165 4072 κᾶν
1232 4029 1236 4038 “

78 4115 105 4162 el
127 4114 321 4179 γιννόμεναέἶ
338 4114 461 4180 ἀλλήλων
480 4115 615 4183 ὑπῆρχεν.

128 4205 199 4292 111,
481 4315 484 4318 -
999 4235 1043 4279 22
