2796 4914
456 394 494 442 nr
515 363 766 444 menoclem.
1087 385 1151 450 ace

74 566 109 624 ln
130 559 311 626 Siebeukesii
329 555 444 622 Aneed.
466 559 513 620 Gr.
535 579 567 642 p.
589 557 630 620 33
650 557 788 620 scribitur
807 564 823 626 ὃ
841 563 873 626 83
893 565 993 630 unte,
1034 563 1057 624 Ε
1076 561 1151 626 Plu.

73 667 178 730 tarcho
199 650 315 728 correxi
334 671 350 732 i
368 670 403 740 λλ
423 674 526 736 sotter
548 663 600 726 sed
619 669 738 734 ἀκοῦσαι
758 687 814 749 pro
829 671 947 736 lolem
960 665 1043 727 haud
1056 667 1149 730 dubie

72 783 114 836 est
143 773 304 834 memoriae
332 793 423 834 error.
465 772 596 834 Sturziur
621 791 638 832 e
664 771 788 854 vulgato
815 771 871 832 illo
900 770 1057 858 proverbio
1076 773 1147 838 Em-

72 877 205 960 pedoclis
225 899 342 940 versum
362 877 403 938 ita
424 875 591 959 supplevitr

193 990 237 1060 δὶς
255 993 308 1066 γὰρ
330 994 379 1052 est
398 991 457 1062 τρὶς
477 986 523 1050 ns
541 986 559 1046 δ’
575 1011 605 1050 το
625 986 658 1056 ii
679 989 768 1052 κιλόο
787 987 865 1050 ἐστιν
886 986 1016 1052 Μοτεον.

70 1088 152 1170 quod
178 1109 287 1170 parum
315 1087 470 1172 probabile
499 1087 573 1148 mihi
593 1087 720 1174 videtur.
760 1090 802 1150 Dc
822 1087 978 1174 proverbio
999 1089 1064 1170 ipso
1083 1087 1144 1150 rid.

70 1194 162 1255 Stura.
184 1205 215 1254 ct
234 1193 338 1256 Stallb.
360 1195 394 1254 in
414 1194 531 1254 Platon.
552 1191 667 1254 Phileb.
687 1214 721 1275 p.
743 1192 802 1254 198
823 1193 867 1275 (p.
889 1192 928 1252 59
949 1189 1078 1276 steph).

107 1301 157 1361 Vs.
169 1298 229 1360 447
239 1320 283 1382 sq.
324 1302 703 1380 κοροφὶςὲτέροος-μίοιν.)
721 1296 906 1380 scaligerum
915 1308 1034 1360 secutur
1042 1299 1145 1382 scripsi

66 1411 174 1489 terma
189 1425 245 1487 pro
260 1404 341 1486 vulg.
355 1410 481 1486 ἑτέροις,
495 1413 526 1466 et
538 1414 659 1466 auctore
672 1402 828 1486 Wyttenb.
841 1425 899 1486 pro
912 1412 1020 1486 Myse,
1040 1412 1143 1486 λόγον.

66 1511 242 1573 Plutarchus
267 1521 383 1587 autern,
405 1510 521 1572 dietum
538 1507 615 1570 illud
632 1528 815 1584 memorans,
833 1507 908 1570 haec
923 1510 1023 1572 addita
1038 1513 1086 1580 ‘lea
1103 1524 1143 1592 μὴ

66 1621 166 1692 (κατὰ)
181 1624 214 1682 rb
230 1617 447 1698 Ἐμπεδόκλειον
464 1622 551 1684 elusis
566 1617 648 1696 tter,
661 1618 807 1696 »κορυφὰς
818 1613 1145 1698 ἑτέροις-Ἷοίσοοτομο

67 1725 125 1799 τοῖς
138 1728 258 1804 τούτοις
270 1731 304 1789 ab
318 1732 450 1805 τμοτῆοοον
463 1728 594 1789 {acirim
608 1729 713 1798 ettae·
728 1721 817 1780 Hunc
828 1741 900 1804 ergo
913 1721 936 1781 Si
949 1721 1143 1804 interpretem

67 1847 236 1911 sequamur,
250 1828 366 1890 dictum
380 1829 521 1891 convenit
531 1829 565 1888 in
576 1847 646 1888 eum
657 1825 710 1909 qui
721 1827 754 1884 in
764 1823 936 1886 disserendo
948 1824 1061 1888 diverse
1073 1847 1143 1886 con·

67 1932 165 2009 nectit,
177 1954 235 1993 nec
245 1935 379 2016 sequitur
390 1932 520 2015 simplex
532 1930 650 1991 illudet
662 1951 769 2006 unum,
780 1931 890 1990 —sive
902 1929 1098 2014 Empedocles
1108 1931 1142 1992 id
1208 1998 1210 2002 ,

68 2034 100 2095 de
110 2057 140 2096 se
148 2036 215 2119 ipso
226 2036 332 2098 dixerit
342 2036 465 2110 alicubi,
472 2037 506 2094 in
516 2033 687 2096 disserendo
696 2033 818 2094 liberius
827 2033 1043 2115 divagans,sive
1053 2036 1086 2095 in
1095 2036 1143 2096 al-

65 2140 151 2200 terius
166 2141 326 2226 cujusdam
337 2140 588 2222 vituperationem
600 2138 638 2200 eb
654 2160 690 2199 co
705 2138 820 2198 dictum
830 2139 876 2200 sit.
909 2140 1004 2201 Dictio
1015 2147 1141 2223 κορυφᾶς

65 2250 160 2328 ἑτέροις
168 2253 280 2328 ἑτέροιο
288 2256 467 2330 τροςάπειο,
476 2246 499 2307 si
509 2245 638 2307 sormam
648 2253 773 2325 spectes,
785 2245 952 2326 comparari
962 2255 1060 2328 potest
1068 2267 1142 2308 cum

65 2351 397 2417 Parmenidishoccevs.
408 2352 458 2414 472
473 2358 634 2433 τλίζοοτιο
647 2353 818 2430 δίκροτοι.
833 2351 1015 2433 bicipitee
1025 2373 1141 2435 capon·

65 2469 124 2533 tur‚·
138 2459 220 2543 quod
235 2459 351 2520 dictum
365 2459 397 2518 in
411 2479 461 2518 eos
474 2457 573 2542 quiin
587 2453 827 2538 argumentando
842 2454 898 2516 sibi
912 2477 976 2518 nou
990 2468 1141 2522 constant.

66 2561 153 2622 liubet
162 2565 253 2627 etiarn
266 2564 361 2626 simile
376 2561 491 2646 aliquid
505 2582 576 2622 cum
588 2560 718 2622 Platonis
728 2560 782 2620 illo
795 2559 828 2622 in
842 2559 994 2625 Phaedon.
1008 2583 1040 2645 p.
1055 2562 1095 2624 60
1105 2565 1138 2624 B:

66 2671 106 2741 (rb
125 2674 171 2743 ild
192 2679 243 2736 xci
266 2677 301 2736 ab
320 2672 456 2749 λυτηρὶο)
476 2674 565 2750 ὅπερ
586 2672 620 2735 ire
639 2676 730 2748 μοῖος
749 2670 912 2747 norwic
929 2674 1071 2748 larem
1095 2669 1137 2736 λύ’
1248 2715 1259 2736 .

67 2778 135 2852 irre,
156 2778 293 2856 voluptas
309 2787 339 2838 et
357 2777 440 2836 dolor
460 2776 537 2837 decc
555 2791 601 2835 res
618 2795 693 2834 uno
713 2774 853 2838 vertice
872 2777 1056 2836 commotae.

100 2988 146 3050 llr.
167 2985 239 3050 449.
282 2986 410 3068 Uterque
430 2983 481 3046 bic
501 2983 604 3058 locus,
624 2980 788 3042 Aristotelis
808 2992 839 3042 et
851 2981 1060 3070 Theopbresti,
1082 3007 1138 3046 eo-

67 3088 126 3156 dem
151 3091 283 3174 pertinet
309 3112 371 3175 quo
396 3109 497 3150 versus
522 3087 598 3150 244:
628 3087 798 3168 explicatur
824 3091 914 3165 ratio,
946 3111 1001 3150 cur
1020 3090 1136 3172 pisces,

68 3197 198 3258 animalia
227 3195 337 3256 natura
365 3193 508 3257 calidiora
532 3196 717 3274 (ῠτέοτοροο),
746 3193 780 3252 in
810 3213 888 3276 aqua
918 3193 1036 3256 vivant:
1066 3195 1135 3258 ideo

68 3320 184 3384 nempe,
211 3311 247 3361 ut
275 3297 419 3360 naturalis
444 3301 578 3380 ipsorum
600 3297 687 3364 calor¹
702 3317 796 3382 aquae
816 3295 924 3380 frigore
944 3308 1135 3381 temperetur.

68 3404 101 3466 cf.
129 3428 205 3490 quae
235 3405 317 3468 diota
348 3413 419 3464 sunt
447 3421 538 3486 supra
567 3423 599 3484 p.
630 3401 701 3464 234.
743 3399 839 3462 Verba
859 3399 934 3463 baec
954 3401 1135 3482 Aristotelis,

69 3519 200 3592 reciperer
218 3519 249 3578 ἐν
269 3523 310 3596 τῷ
330 3513 403 3596 ξηρῷ
422 3517 625 3590 μεταβάλλειν
644 3517 692 3577 τοο
712 3515 800 3578 etms
818 3514 859 3585 ele
879 3517 913 3576 ri
933 3515 1033 3592 lypis,
1055 3531 1132 3574 con-

71 3618 167 3681 cinunt
186 3620 276 3703 plane
297 3639 368 3678 cum
389 3639 476 3678 versu
496 3616 603 3678 citato:

240 3731 269 3793 ἓν
289 3727 360 3806 ξηρῷ
382 3732 520 3790 emeris
538 3729 626 3804 Φύσις
643 3729 782 3803 peredere
802 3728 832 3797 ἐς
851 3726 941 3803 dysis.

72 3827 184 3913 lleliqua
202 3831 393 3916 aliquantum
414 3830 584 3914 discrepent
603 3840 633 3891 ct
646 3829 772 3890 aliorum
785 3829 905 3890 sortasse
917 3829 1060 3889 versuum
1069 3847 1133 3889 ves-

72 3932 135 4011 tigia
153 3938 326 4013 continent,
345 3945 382 3996 ut
399 3935 460 4001 hoc
479 3935 660 4024 Aristotelis}
681 3940 829 4017 Φοόγοοτοο
846 3935 874 4000 δ’
894 3948 963 4001 κτλ.
985 3934 1056 3996 item
1073 3932 1132 3996 hoc

72 4036 268 4124 Thfflphrasfi:
291 4053 331 4112 τὶ
350 4050 493 4124 deierare
512 4059 581 4113 οοτλ.
