2768 4916
265 405 305 471 58
657 423 705 472 nn
729 427 945 475 nuannocnrs

262 590 379 664 omnia
412 591 568 690 exponit.
623 591 878 685 Quamobrem
910 593 940 666 si
973 592 1054 695 quis
1088 591 1319 694 Empedoclem

261 735 347 786 curn
382 712 534 792 Homero
566 739 770 813 comparare
800 714 906 810 velit,
935 714 1038 792 facile
1072 711 1321 790 assentiendum

262 833 440 908 meroen
467 832 618 930 arene,
641 834 813 911 ammaus
838 837 930 914 nun
957 841 1054 914 inter
1079 865 1118 914 se
1140 863 1216 912 esse
1235 861 1319 909 eom-
1357 811 1359 930 l

263 980 377 1029 mune
408 969 549 1054 praeter
579 981 748 1035 numeros
764 961 842 1034 ¹⁶⁶.
891 959 1061 1037 Attamen
1081 987 1156 1035 non
1178 958 1322 1034 numeris
1340 937 1359 1020 s

262 1091 405 1148 tantum
415 1077 605 1179 verbisque
615 1082 759 1180 poe‘ticis
769 1105 858 1154 usus
869 1095 933 1176 est,
941 1079 1081 1156 valebat
1091 1106 1188 1172 vero,
1196 1093 1239 1153 ut
1249 1076 1323 1154 vidi·

264 1223 361 1291 mus,
380 1199 552 1303 diviniore
573 1203 703 1276 mentis
725 1204 780 1296 vi,
796 1229 906 1303 quam
922 1217 1075 1277 naturae
1091 1198 1324 1298 contemplatio
1360 1222 1361 1312 p

263 1332 301 1391 et
315 1319 494 1396 doctrinae
510 1321 671 1406 studium
684 1322 827 1398 alebant
843 1337 880 1397 et
896 1323 1102 1398 incitabant.
1145 1321 1240 1394 Hinc
1259 1319 1325 1420 juro
1360 1315 1361 1362 ³

265 1441 455 1516 abeodem
477 1444 663 1519 Aristotele
684 1448 859 1545 Ὁμηρικὸς
879 1445 1082 1546 appellatur
1098 1447 1185 1538 ¹⁶⁷,
1209 1443 1328 1545 quippe

151 1565 153 1572 ⁴
262 1564 429 1660 quinon
458 1565 573 1664 solum
604 1567 761 1643 studiose
793 1569 994 1642 Homerum
1018 1566 1177 1641 imitatus
1202 1568 1261 1658 sit,
1280 1561 1329 1636 sed
1362 1630 1363 1670 .

264 1685 443 1781 eundem,
462 1714 685 1789 quamquam
705 1691 745 1763 in
766 1691 911 1767 diverso,
925 1689 1091 1764 carminis
1112 1713 1266 1789 genere,
1287 1709 1330 1758 re·
1362 1677 1363 1720 ⁷

265 1810 356 1882 ferat
384 1810 519 1909 ingenii
553 1809 738 1906 ubertate,
766 1813 928 1886 dictionis
963 1813 1022 1904 vi,
1051 1807 1332 1910 metaphorarum
1363 1835 1364 1884 t

263 1931 422 2026 lumine,
464 1947 545 2006 tum
582 1932 911 2033 comparationibus
952 1947 988 2006 et
1031 1928 1334 2030 descriptionibus,

264 2053 399 2154 quibus
429 2054 621 2127 sententias
648 2068 686 2128 et
715 2053 840 2154 placita
869 2081 934 2128 sua
960 2054 1127 2128 illustrat.
1178 2054 1334 2146 Quarum
1364 2043 1365 2060 *

262 2177 413 2276 quidem
435 2177 560 2252 dotum
585 2175 663 2278 ejus
684 2201 859 2251 versuum
879 2176 1052 2276 reliquiae
1076 2173 1265 2250 luculenta
1285 2197 1336 2244 os-

265 2297 421 2372 tendunt
442 2299 607 2398 vestigia,
626 2322 721 2398 quae
745 2311 919 2396 arguunt,
944 2297 1047 2371 illum
1071 2307 1197 2372 revera
1220 2317 1337 2395 egre

264 2418 390 2514 gium
421 2425 573 2515 poema
609 2419 749 2511 leobae,
777 2401 966 2492 ut'Gicero
988 2417 1095 2511 dicit,
1128 2429 1165 2490 et
1193 2416 1276 2516 jure
1301 2413 1338 2484 de

266 2563 308 2610 eo
334 2541 500 2615 cecinisse
522 2541 749 2614 Lucretium:

388 2709 526 2772 Carmina
546 2709 622 2793 quin
643 2709 733 2768 etiam
753 2707 847 2769 divini
867 2709 994 2791 pectoris
1014 2713 1080 2794 ejus
1183 2767 1187 2776 ,

387 2809 614 2888 vociferantur,
644 2821 673 2872 et
693 2822 855 2896 exponunt
875 2812 1029 2896 praeclara
1048 2821 1184 2896 reperta3
1288 2829 1295 2842 ·

283 2983 287 2994 .
390 2919 427 2979 [tt
447 2919 500 2980 vix
519 2915 654 2977 humana
675 2915 812 2977 rideatur
831 2918 922 2999 stirpe
943 2929 1059 2979 creatus
1084 2919 1162 2979 1⁶⁸.

274 3101 277 3115 ι
299 3135 374 3202 (ιθό)
391 3133 495 3185 aristot.
513 3131 587 3184 Puer.
600 3145 623 3180 c.
637 3145 660 3181 r:
677 3129 792 3195 evulgo,
809 3131 909 3200 inquit,
919 3146 1024 3195 omnes,
1034 3131 1079 3201 qui
1091 3129 1208 3184 versibus
1220 3131 1343 3188 scribunt.

268 3231 358 3298 poetas
366 3221 497 3294 appellare
508 3210 603 3272 solent:
623 3222 670 3273 καὶ
679 3224 732 3290 μὰρ
741 3223 775 3273 ἂν
788 3225 938 3292 ῑατροκὸνῆ
948 3224 1077 3288 μουσικόν
1085 3243 1113 3274 τι
1124 3224 1171 3275 διὰ
1180 3223 1237 3274 τῶν
1245 3225 1343 3292 μέτρον

268 3320 422 3386 ἐκφέρουσιν,
443 3315 513 3365 οὕτω
532 3313 628 3365 καλεῖν
647 3313 806 3366 εἰώθασιν·
827 3315 910 3369 neoto
928 3315 962 3370 δὲ
980 3318 1069 3370 κοινόν
1085 3319 1158 3370 ἐστιν
1176 3314 1286 3388 Ὁμήρῳ
1303 3306 1343 3367 nol

269 3407 463 3475 Ἐμπεδοκλεῖ
477 3406 551 3476 πλὴν
560 3408 593 3459 τὸ
603 3409 714 3477 μέτρον·
726 3409 772 3461 διὸ
780 3411 829 3462 τὸν
837 3409 888 3474 μὲν
896 3416 1015 3480 ποιητὴν
1024 3413 1135 3465 δίκαιον
1145 3411 1308 3476 uulathrbc
1317 3407 1344 3462 δὲ

268 3504 431 3572 φοοοολόμοο
443 3501 546 3566 μᾶλλον
557 3503 712 3570 leemps.
741 3503 773 3553 In
791 3501 900 3556 eandem
912 3504 1066 3556 sententiam
1079 3503 1182 3556 disserit
1194 3503 1280 3558 Schol.
1291 3503 1345 3553 Dio·

268 3595 334 3664 nysii
351 3596 379 3646 in
390 3594 487 3646 Villois.
503 3593 598 3646 anecd„
616 3594 659 3674 Gr.
671 3594 701 3644 Τ.
713 3594 750 3654 11,
760 3609 786 3660 p.
801 3607 853 3658 ¹7²·
862 3593 981 3646 Lactant·
993 3595 1058 3646 Inst.
1069 3593 1125 3646 niv.
1140 3597 1182 3655 11,
1195 3609 1233 3644 ra:
1244 3593 1346 3659 *Empe-

268 3685 369 3746 docles,
386 3701 464 3755 quem
478 3682 573 3734 nescias
585 3689 710 3734 utrumne
719 3683 789 3735 inter
803 3686 896 3752 poetas
905 3683 1016 3734 aninter
1024 3681 1191 3751 philosophos
1202 3675 1345 3732 numeres.‘'

300 3774 376 3838 (167)
395 3773 499 3825 Aristot.
520 3773 547 3823 in
562 3771 630 3824 libro
649 3771 786 3841 deperdito
803 3772 837 3825 de
853 3772 956 3830 Poetis,
967 3770 1038 3841 apud
1050 3773 1156 3838 Diogen.
1175 3771 1261 3822 baert.
1273 3767 1346 3824 vttt.

269 3884 288 3917 s.
301 3863 346 3928 57:
361 3867 454 3932 φησὶν,
474 3868 517 3917 ὅτι
536 3868 583 3916 καὶ
601 3861 783 3934 Ὁμηρικὸς
801 3863 1035 3933 ὁἝμπεδοκλῆς
1054 3865 1103 3916 καὶ
1121 3866 1248 3921 δεινὸς
1266 3861 1346 3926 περὶ

271 3963 333 4024 τὴν
351 3959 480 4027 φράσον
498 3961 609 4025 μέμονε,
628 3962 858 4028 μεταφορικός
876 3982 907 4015 τε
926 3959 961 4014 ὢν
978 3964 1025 4012 καὶ
1041 3970 1099 4019 τοῖς
1111 3959 1202 4017 ἄλλοις
1213 3941 1346 4018 τοῖςπερὶ

270 4057 415 4123 ποιητικὴν
431 4051 613 4119 ἐπιτεύγμασι
631 4053 777 4124 χρώμενος.
800 4053 895 4106 Eadem
908 4052 1005 4122 repetit
1016 4053 1130 4105 Eudocia
1144 4051 1211 4103 viot.
1222 4069 1247 4120 p.
1262 4065 1315 4112 17⁰.

303 4144 378 4210 (168)
397 4143 487 4197 Cicero
498 4144 531 4196 de
543 4155 608 4196 orat.
618 4148 641 4210 Ι,
655 4147 694 4206 5ος
712 4147 849 4199 Lucretius
866 4151 886 4206 1,
902 4145 956 4208 732.
979 4143 1114 4194 Calculunr
1125 4141 1166 4193 his
1176 4141 1245 4194 addit
1255 4142 1342 4192 Conso·
