2768 4916
437 410 519 460 vaae
543 413 589 460 aa
612 415 756 466 aponus.
1099 404 1136 468 tt

70 593 195 678 partem
214 581 252 652 in
273 576 419 678 publioo
434 595 619 657 conventu
635 583 695 660 vel
713 559 964 684 Olympiorum
977 587 1035 662 vel
1046 587 1141 664 Pan·
1266 641 1268 648 -

70 700 312 776 athenaeoruin
335 701 500 778 recitasse
527 702 701 802 proditur.
748 702 836 778 Tale
852 720 1034 783 certamen
1050 711 1142 786 Ena·

68 822 207 923 pedoclis
229 822 373 922 ingenio
396 821 513 898 multo
533 851 618 900 sane
640 824 804 926 dignius,
825 852 937 928 quam
958 843 1140 906 oertamen

67 945 520 1046 equorumetveloolutiaa
532 946 716 1022 nonnullis
725 947 812 1024 falso
822 950 857 1024 ei
865 947 1046 1026 tributum
1061 964 1073 1000 ¹
1085 963 1098 1000 ¹
1110 965 1141 1024 ¹.

67 1068 114 1142 Ad
128 1069 223 1142 idem
238 1083 384 1170 tempus
403 1061 638 1144 referendum
655 1068 754 1170 quod
771 1097 881 1170 supra
897 1071 1053 1150 relatum
1070 1087 1141 1166 est,

65 1187 307 1291 Empedoclem
328 1188 515 1292 Olympiae
535 1190 664 1268 bovem
687 1217 708 1266 e
732 1191 828 1268 farre
850 1192 908 1268 vel
924 1193 1142 1272 aromatibus

65 1315 175 1390 fiotum
194 1310 416 1406 immolasse3
432 1312 534 1416 quod
555 1314 689 1412 optime
705 1337 791 1386 sane
807 1313 964 1390 concinit
980 1341 1065 1392 oum
1082 1342 1140 1390 ar·

65 1450 226 1534 gumento
246 1433 438 1533 καθαρμῶν,
457 1437 495 1509 iu
516 1435 652 1536 quibus
671 1436 901 1510 victimarum
923 1435 1069 1510 caedem
1096 1451 1139 1512 ut

64 1559 197 1656 inpiam
221 1572 257 1631 et
279 1558 463 1633 seelestam
482 1561 676 1658 vituperat.
728 1557 792 1632 His
818 1557 928 1632 rebus
949 1583 1042 1634 num
1067 1561 1140 1634 mi·

64 1678 227 1770 randum,
260 1655 365 1754 illum
399 1694 473 1754 tam
503 1681 647 1778 ingenio
679 1693 820 1754 storto
848 1705 960 1780 quam
985 1681 1140 1781 eorporis

63 1800 150 1876 cultu
171 1816 211 1876 et
228 1783 410 1901 dignitatis
430 1804 546 1902 specie
572 1803 808 1902 conspicuum
831 1804 995 1878 omnium
1016 1802 1139 1878 oeulos

64 1924 261 2025 animosque
281 1926 320 1996 in
344 1949 382 2000 se
405 1922 639 2000 eonvertissel
676 1923 805 2026 Neque
823 1923 1074 2025 improbabile,
1090 1922 1138 1998 ab

63 2070 96 2119 oo
126 2047 213 2122 inde
244 2062 406 2148 tempore
436 2045 661 2148 Empedoclis
693 2071 827 2121 nomen
858 2073 925 2150 per¹
951 2047 1136 2122 Graeciam

63 2170 159 2269 magis
189 2167 422 2244 inelaroeoere
454 2169 626 2268 coepisse,
658 2167 758 2269 quod
787 2167 952 2244 inciderit
982 2168 1060 2244 fere
1095 2169 1135 2244 in

63 2288 190 2392 olymp.
221 2293 289 2384 81,
309 2317 385 2392 qua
408 2291 448 2366 in
473 2288 621 2366 Eusebii
645 2289 792 2366 Conone
814 2289 981 2366 ebronioo
1004 2290 1137 2392 legitur

9 2417 10 2426 ’
62 2410 245 2490 innotuisse
269 2423 347 2486 ¹¹²·
640 2453 642 2462 ,
813 2421 815 2427 ’

553 2561 631 2646 so.

99 2782 129 2854 E
149 2780 400 2882 Peloponneso
422 2807 589 2886 novemus
609 2795 662 2856 est
681 2782 727 2888 in
744 2775 915 2871 Siciliam,
939 2777 1057 2852 reditu
1078 2793 1135 2852 ta-

8 2925 9 2972 3
63 2923 132 2974 nen
165 2904 205 2977 in
237 2903 390 3004 patriam
422 2901 625 3002 prohibitus
653 2930 672 2977 a
699 2901 777 2976 filiis
810 2913 847 2974 et
877 2900 1032 3001 cognatio
1059 2900 1135 2973 ini-

7 3033 8 3124 Ῐ
63 3023 235 3099 nieorum·
255 3050 348 3125 quos
382 3023 569 3125 quondam
599 3023 730 3124 judicio
753 3022 977 3123 perculerat,
1007 3021 1134 3096 eidem

64 3160 141 3220 sorte
158 3173 251 3220 usus
271 3173 345 3246 qua
360 3145 469 3220 multi
487 3147 695 3246 praesertim
711 3144 953 3247 Pythagoraei,
967 3145 1032 3246 qui
1047 3145 1135 3218 item

64 3268 271 3369 aequalitatis
288 3281 325 3342 et
340 3266 557 3341 liberalitatis
576 3291 663 3340 suae
679 3263 801 3344 exsilio
819 3290 952 3364 poenas
972 3264 1136 3340 luerunt

5 3388 10 3444 l
64 3367 163 3490 Ergo,
189 3389 311 3464 relicta
337 3388 459 3464 denuo
478 3387 610 3478 Sicilia,
637 3390 675 3460 in
701 3387 989 3485 Peloponnesum
1011 3412 1048 3460 se
1073 3413 1136 3460 re-

5 3488 9 3591 ]
66 3513 157 3610 oepit3
177 3513 272 3586 eictu
292 3524 415 3584 narrat
430 3511 623 3611 Diogenes,
643 3511 797 3601 Timaei,
814 3523 858 3582 nt
877 3508 1033 3602 videtur,
1050 3534 1136 3583 auc-

5 3626 9 3649 '
67 3635 190 3709 toritate
217 3634 333 3707 fretus
350 3641 436 3728 ¹¹³3
463 3631 597 3734 quibus
627 3658 701 3706 non
731 3629 874 3705 obstant
906 3628 965 3703 illa
999 3629 1155 3736 Timaei¹

90 3785 153 3852 (tn)
170 3783 210 3838 Cf.
228 3799 306 3854 snpra
325 3799 350 3853 p.
367 3784 383 3836 6
400 3801 441 3854 sq.

91 3875 156 3940 (ua)
173 3877 240 3927 Item
257 3890 335 3942 supra
353 3890 379 3943 p.
396 3892 421 3944 p

91 3963 155 4028 (ut)
171 3965 279 4031 Diogen.
303 3966 390 4020 Lutra
408 3967 490 4030 vttt,
509 3965 561 4030 67:
585 3969 702 4038 ὕστερον
730 3970 843 4036 μέντοι,
869 3973 919 4022 τοῦ
943 3967 1137 4040 Ἀκράγαντος

70 4056 241 4126 ιὶτιζσμὲνσυ,
261 4062 432 4129 ἀντέστησαν
451 4061 539 4114 αὐτοῦ
562 4072 599 4132 τῇ
614 4063 732 4131 καθόδῳ
749 4064 775 4114 oi
791 4063 847 4114 τὸν
863 4064 977 4133 ἐχθρῶν
994 4066 1135 4133 ἀπόγονοι·

71 4148 151 4222 διόπερ
160 4155 200 4214 εἶς
214 4153 432 4226 Πελσπᾶννησσν
441 4157 623 4228 ἀποχωρήσας
637 4155 828 4226 Ιτελιὺτησιν.
842 4155 948 4210 Dictum
963 4161 1015 4212 τσῦ
1026 4149 1145 4229 ’Aaou'
