2768 4910
220 391 284 456 too
620 405 667 454 nn
690 404 908 456 nurnnoccrs

222 577 332 656 νεοθονὶ
353 583 482 672 Φοονν,
507 573 615 674 ὥσπερ
644 573 689 668 ἐξ
719 574 901 674 ἀγγεῖον
932 577 990 664 τῆς
1012 563 1295 673 perdomandam,

224 703 304 780 ἀλλ’
327 703 384 775 οὐν
404 702 442 775 ta
461 727 545 782 τινος
562 697 661 792 lianc,
676 696 751 775 οὐδὲ
766 697 939 798 γίγνεσθον
954 697 1236 794 μεταβάλλοντος
1248 709 1293 774 ³⁷.

222 827 344 899 Vasis
364 819 574 917 similitudo,
594 848 668 923 qua
682 821 885 898 Aristoteles
903 823 1039 914 utitur,
1053 820 1099 894 ab
1120 821 1293 920 Empedo-

220 947 286 1023 clis
314 945 473 1019 dictione
500 942 599 1017 haud
626 943 739 1018 aliena
765 957 818 1018 cst
833 947 889 1017 ³⁸.
940 944 1002 1016 His
1022 957 1146 1017 autern
1173 943 1292 1017 multas

220 1069 368 1169 opponit
389 1065 556 1158 rationes,
577 1065 711 1164 quibus
737 1063 827 1138 illud
848 1066 1021 1166 placitum
1048 1064 1289 1164 redarguatur,

219 1185 314 1290 quae
332 1186 414 1261 licet
432 1210 505 1258 non
523 1211 646 1260 omnes
662 1185 804 1285 probari
819 1203 973 1287 queant,
995 1185 1079 1260 licet
1096 1201 1218 1258 eontra
1235 1212 1290 1284 po-

218 1312 291 1384 tius
302 1309 525 1408 Empedoclis
541 1307 727 1407 placitum,
742 1308 918 1384 elementa
931 1310 998 1385 alia
1009 1308 1085 1385 aliis
1101 1311 1227 1396 inesse,
1241 1334 1289 1380 re·

216 1433 417 1505 cantiorum
438 1428 664 1530 physicorum
681 1431 837 1506 inventis
853 1435 1095 1524 confirmetur,
1110 1429 1287 1504 fatendum

215 1568 357 1646 tamen,
382 1551 482 1626 hunc
505 1553 740 1650 generationis
766 1551 915 1626 rnodum
938 1552 1120 1628 difficilem
1142 1577 1215 1625 esse
1236 1551 1288 1621 in-

215 1673 382 1767 tellectu,
411 1676 438 1747 si
462 1674 505 1746 ad
526 1687 682 1774 quatuor
708 1675 863 1751 diversas
883 1676 1018 1750 radices
1038 1701 1093 1750 res
1116 1677 1286 1750 reducan-

215 1809 288 1887 tur,
310 1819 378 1868 nec
398 1795 514 1868 subsit
531 1797 573 1869 iis
591 1799 792 1871 communis
808 1797 986 1898 quaedam
1005 1799 1189 1888 materies,
1205 1819 1286 1896 quaa

181 2003 185 2010 f
213 1943 279 2014 per
306 1918 424 1990 omnia
449 1919 494 1990 sit
517 1917 656 1992 diffusa.

264 2038 376 2109 Porro
408 2051 531 2115 autern
558 2039 624 2110 ista
655 2040 917 2116 elementorum
943 2069 1147 2143 compages,
1166 2039 1286 2142 quibus

176 2201 181 2248 i,
215 2185 270 2233 res
292 2172 443 2234 naturae
461 2161 701 2253 continentur,
721 2160 752 2233 si
771 2163 974 2236 accuratius
991 2165 1231 2255 examinetur,
1248 2189 1285 2234 ne

176 2285 182 2381 j
217 2281 377 2355 mixtio
407 2282 555 2380 quidem
579 2283 719 2380 proprie
741 2281 809 2386 diei
831 2296 966 2380 potest,
999 2311 1073 2384 qua
1096 2285 1230 2363 diversa
1254 2290 1283 2356 in

64 2392 67 2399 ’
177 2386 182 2513 ,Ξ
217 2427 329 2474 unam
357 2415 524 2474 naturam
556 2400 777 2496 coalescunr3
810 2417 863 2477 est
894 2407 1011 2503 potius
1043 2407 1284 2507 conglutinatio

178 2517 184 2630 ξ
214 2521 392 2622 quaedam
405 2523 599 2622 (κόλλησιν),
621 2553 694 2624 qua
715 2525 832 2599 variae
851 2552 908 2599 res
923 2529 962 2631 ip
976 2555 1094 2602 unum
1109 2556 1283 2629 coagmen·

138 2677 140 2682 ¹
215 2658 412 2738 tantur,·ut
429 2647 678 2723 animadvertit
696 2647 783 2722 item
796 2633 980 2756 Aristote'pfj'i
1000 2657 1068 2733 τοῖς
1088 2652 1241 2750 λέγουσιν
1251 2651 1282 2729 ὡς

49 2827 75 2891 „
84 2814 103 2858 fl
120 2807 139 2876 g,
214 2765 453 2863 Ἐμπεδοκλῆς,
474 2772 522 2852 τίς
541 2769 637 2846 ἐὀτονο
659 2771 776 2870 τρίπος
791 2773 865 2872 (τῆς
882 2775 1069 2874 γενέσεως);-
1081 2775 1213 2874 ἆνοογκίν
1225 2775 1283 2872 yltp

203 2888 410 2966 ούνθεσιν
441 2887 537 2986 duat,
568 2892 720 2993 καθάπερ
745 2893 785 2970 ἓν
812 2895 948 2972 alirino
974 2901 1031 2972 cal
1051 2897 1144 2987 >rideo
1166 2903 1283 2998 τοῖχος·

214 3018 270 3087 καὶ
293 3016 331 3090 τὸ
349 3014 520 3114 (sippiale
542 3027 641 3093 τοῦτο
661 3016 700 3093 ἐκ
719 3019 907 3116 σωζομένων
926 3026 988 3116 μὲν
1004 3025 1182 3096 ἕσται-τῶν
1202 3047 1283 3094 στον-

214 3138 334 3238 χείων-,
362 3141 453 3214 κατὰ
481 3139 584 3240 μικροὶ
612 3139 649 3219 δὲ
678 3143 755 3240 παρ’
784 3141 920 3234 ἄλληλα
945 3145 1176 3243 συγκειμένων·
1207 3140 1282 3216 οὕτω

213 3257 252 3350 tt
265 3259 354 3358 σὰρξ
369 3265 427 3336 uel
446 3269 508 3339 τῶν
522 3265 632 3340 ἄλλων
649 3262 792 3341 ἕνον-τον
807 3273 862 3341 ³⁹.
879 3268 903 3338 i.
915 3293 947 3340 e.
960 3269 1057 3359 »Qui
1072 3262 1283 3365 Empedoclis

212 3385 323 3456 instar
347 3409 472 3458 rerum
500 3389 765 3485 generationem
794 3390 954 3490 fingunt,
987 3415 1046 3463 eos
1072 3412 1209 3462 necesse
1238 3397 1282 3458 est

212 3503 375 3580 similiter
399 3533 454 3580 res
473 3522 681 3583 construere
695 3526 739 3584 ut
761 3537 781 3583 e
798 3511 968 3586 lateribus
989 3513 1027 3583 fit
1050 3535 1177 3584 murus
1185 3537 1197 3602 3·
1213 3505 1287 3579 talis.

245 3735 304 3803 (37)
323 3737 428 3788 tristor.
446 3737 516 3790 Geel.
535 3740 596 3806 111,
616 3755 638 3804 γε
656 3758 683 3810 p.
705 3742 801 3807 37512.
820 3744 854 3795 cl.
872 3743 994 3796 Themist.
1015 3744 1041 3794 in
1060 3745 1116 3797 xit
1136 3741 1192 3794 libr.
1211 3738 1279 3791 Arist.

212 3823 246 3901 de
260 3824 302 3878 Pr.
319 3823 381 3894 phil.
398 3843 425 3895 p.
444 3829 485 3889 24:
503 3827 682 3910 »Empedoclis
698 3831 825 3904 elementa
842 3851 955 3905 eaquae
974 3842 1034 3886 suat
1049 3851 1082 3886 ex
1098 3851 1129 3886 eo
1147 3829 1213 3902 quod
1227 3836 1279 3879 actu

213 3922 252 3967 est
269 3915 307 3980 (h.
319 3931 341 3968 e
355 3920 384 3968 tu
396 3921 446 3991 τοῦ
461 3921 588 3990 ἐνεργείᾳ
600 3919 687 3992 ὄντος)
699 3921 754 3975 fieri
765 3932 871 3991 cogunt:
879 3924 950 3995 qnod
961 3924 1067 3995 quidam
1076 3921 1213 3974 absurdum
1221 3915 1278 3970 est.”

243 4004 302 4072 (38)
320 4007 377 4060 Vid.
398 4010 503 4080 Emped.
522 4029 558 4064 vs.
579 4028 634 4065 arr.
881 4039 884 4046 r
915 4059 922 4066 ,

244 4091 303 4162 (39)
324 4096 426 4150 aristot.
449 4098 482 4151 de
502 4101 594 4155 Gener.
617 4109 643 4154 et
666 4103 740 4156 Gora.
761 4105 805 4162 ΙΙ,
827 4118 850 4167 7.
869 4123 895 4173 p.
915 4103 1010 4166 4051).
