2796 4914
416 455 454 502 nr
477 455 728 507 uuernocnnrr.
1053 447 1113 510 291

60 631 82 679 et
95 619 186 701 paullo
201 630 267 702 post
283 641 325 682 vs.
343 619 496 701 oestuo,
509 625 649 702 Nuntius,
666 621 812 688 Bacchica
827 623 910 707 org'ia
922 621 1110 705 describens,

60 733 140 784 narrat
156 745 184 785 se
203 725 325 803 vidisse,
347 737 381 788 ut
400 729 517 812 virgulis
537 729 638 792 divini
657 729 828 813 prosilirent
844 734 942 813 soom
961 751 1057 812 oquae
1077 743 1108 794 et

59 830 111 887 sisi
126 839 152 888 et
169 831 250 892 luctis
269 844 299 895 et
318 835 423 896 mellis.
466 835 545 914 Quid
565 837 657 919 igitur
676 836 801 912 mirum,
823 835 847 896 si
865 835 1058 918 Empedocles
1072 837 1107 898 iu

58 941 193 1016 καθαρμοῖς,
214 937 273 999 bac
292 939 326 1000 in
345 949 430 1022 parte
445 939 590 1002 Bacchica
606 961 689 1002 sacra
704 941 852 1017 imitatus,
867 941 978 1023 pariter
994 961 1089 1026 aquae
1098 985 1108 1021 ,

56 1039 117 1116 sini,
134 1043 243 1120 mellis,
264 1043 366 1124 lactis,
386 1045 507 1108 fortasse
528 1057 558 1107 et
578 1045 654 1123 olei,
676 1045 772 1106 sontes
794 1043 987 1108 adhibuerit?
1013 1046 1107 1131 idque

57 1166 82 1203 eo
103 1147 208 1209 facilius
235 1149 366 1229 creditu,
397 1151 480 1236 quod
510 1151 690 1235 Pythagorei
718 1151 815 1212 multa
844 1149 997 1212 bacchicis
1019 1152 1109 1212 sacris

56 1247 199 1315 habuerunt
216 1253 333 1318 similia.
354 1255 421 1317 vid.
444 1257 574 1318 Greuzer.
598 1256 704 1340 Symb.
719 1258 779 1332 ΙΙΙ,
796 1276 829 1338 p.
845 1254 904 1316 169
916 1275 981 1340 sqq.
1022 1255 1106 1316 lion-

55 1364 85 1444 tes
109 1369 200 1420 autem
229 1359 276 1420 illi
303 1358 457 1423 habebant
484 1379 626 1422 arcanam
654 1359 810 1443 quandam
830 1358 1104 1441 significationem

55 1460 125 1521 relati
148 1485 222 1548 aqua
249 1466 390 1528 vitiorum
416 1467 630 1550 purgationem
651 1463 816 1548 significat,
837 1463 920 1524 unde
940 1464 974 1524 in
994 1464 1107 1527 lustra-

55 1563 158 1629 tionibus
184 1569 319 1632 adhiberi
345 1571 451 1642 solitas
480 1569 528 1632 lac
556 1581 587 1632 et
612 1570 673 1630 mel
693 1569 871 1652 frugalitatis
891 1578 922 1629 et
941 1570 1106 1630 sanctitatis

55 1669 147 1750 siguum
165 1673 276 1758 (Creuz.
296 1675 370 1736 ibid.
391 1678 443 1753 tv,
464 1696 496 1757 p.
517 1674 578 1735 365
599 1672 675 1757 sqq.)
682 1695 691 1752 ;
712 1671 814 1732 oleum
824 1673 993 1754 sapientiae
1010 1671 1104 1754 (Jam-

54 1772 122 1837 llich.
148 1782 290 1864 Protrept.
318 1780 424 1864 symb.
447 1779 509 1862 17.)
519 1803 529 1858 ;
561 1780 666 1842 vinum
685 1783 878 1860 Ινθουσιισμοῦ
895 1789 925 1839 et
946 1777 1104 1844 beatitatis.

55 1878 102 1938 lale
118 1881 184 1966 quid
202 1884 419 1968 Empedoclem
438 1885 564 1947 soluisse
584 1885 733 1968 suspicor,
754 1906 850 1968 quum
867 1883 956 1961 dicit,
972 1887 1103 1966 quinqua

55 1985 190 2066 eicotibus
214 1989 406 2053 haurientem
435 1992 558 2076 purgari
586 2001 741 2075 oporteret
772 2000 806 2050 ut
835 1988 1024 2072 quincuplex
1050 1989 1104 2049 illa

54 2086 157 2153 lustratio
186 2096 352 2178 significet,
382 2097 519 2158 animum
547 2118 601 2180 per
629 2117 712 2157 sacra
735 2093 788 2154 illa
807 2092 949 2153 vitiorum
968 2091 1105 2154 sordibus

54 2193 163 2260 ablutum
179 2199 341 2282 paullatim
361 2199 531 2276 emendari,
561 2199 757 2275 confirmari,
786 2195 826 2258 ad
847 2196 985 2260 coelestia
1007 2197 1104 2259 evehi.

53 2297 166 2363 Numerus
183 2341 185 2348 =
202 2305 362 2384 quinarius
400 2324 466 2363 non
502 2314 613 2365 temere
633 2303 765 2386 positus:
804 2301 845 2361 sic
876 2301 1104 2386 quinquennale

53 2399 92 2462 scit
106 2406 353 2490 Pythagoreorum
373 2406 525 2468 silentium
531 2454 542 2484 ,
561 2409 698 2492 quinqua
714 2409 786 2468 item
799 2406 887 2466 aunis
899 2407 1104 2468 comummari

53 2506 114 2570 solita
144 2513 362 2574 Eleusiniorum
401 2533 555 2573 sacrorum
583 2513 742 2574 institutio.
783 2510 851 2572 rid.
880 2510 1005 2572 Terhrll.
1032 2511 1102 2574 adr.

53 2608 172 2678 Valentio.
191 2619 292 2702 prino.
314 2617 354 2680 of.
374 2616 504 2679 Lobeck.
526 2615 677 2701 Aglaopb.
698 2639 732 2700 p.
744 2615 786 2678 32
799 2638 864 2700 sqq.
904 2617 987 2678 Ilum
998 2627 1102 2678 tamma

53 2718 155 2803 quinque
179 2723 251 2784 illae
276 2730 368 2803 κρῆναι
393 2722 486 2804 plane
510 2723 715 2806 respondeant
734 2723 869 2808 quinque
889 2723 1101 2806 mysteriorum

53 2823 155 2900 partibus
174 2847 191 2888 a
211 2825 334 2888 Theona
356 2827 527 2910 descriptis,
552 2828 612 2888 hoc
633 2827 757 2912 quidem
777 2828 864 2889 valde
886 2826 1101 2890 dubitandum.

79 2927 130 2989 Vss.
148 2933 298 2996 424-432.
340 2943 480 3016 Φίρμεκα
495 2937 520 3000 δ’
535 2941 603 3006 dosa
615 2971 657 2984 -
674 2945 754 3017 μένος
768 2939 888 3018 ἀνδρός.)
911 2935 1016 2996 Versus
1029 2934 1100 3011 hos,

53 3051 104 3111 quos
118 3057 132 3096 e
146 3037 251 3122 Satyro
262 3041 375 3122 profert
383 3043 526 3125 Diogenes
534 3089 542 3119 ‚
562 3043 693 3104 Sturzius
707 3044 786 3102 iuter
800 3053 967 3122 Καθιρμοῦς
980 3039 1099 3124 posuit;

53 3136 106 3198 nihi
114 3145 203 3222 potius
214 3169 253 3206 ex
266 3146 410 3228 'Ias-ptest„
421 3149 553 3209 carmine
565 3147 694 3208 desumti
706 3147 857 3210 videntur.
878 3147 1098 3230 Argumentum

52 3234 84 3300 his
97 3249 195 3327 optime
211 3253 370 3331 convenit,
388 3263 422 3314 ut
441 3273 530 3335 supra
546 3251 742 3314 animadverti
762 3273 794 3336 p.
805 3252 844 3314 71
853 3275 863 3331 ;
881 3252 932 3314 sed
946 3259 1100 3334 praeterea

52 3345 337 3432 animadvertendum,
358 3355 573 3440 Empedoclem
593 3355 640 3416 his
660 3357 790 3418 versibus
810 3357 849 3419 ad
866 3367 977 3419 certam
996 3359 1099 3438 perso·

51 3467 103 3513 nan
115 3456 191 3542 loqui
209 3461 257 3544 (ut
270 3461 409 3525 indicant
421 3463 483 3540 illa,
500 3468 561 3532 ἓπεὶ
573 3472 663 3549 μούνῳ
676 3493 717 3532 σοι
730 3461 793 3546 -Ι,
810 3463 893 3549 quod
905 3463 1008 3523 minus
1021 3481 1098 3520 con·

52 3559 110 3618 venit
121 3573 284 3646 Καθαρμοῖς,
302 3567 432 3651 quinon
447 3569 519 3629 certi
533 3569 661 3654 alicujus
672 3569 813 3645 hominis,
830 3567 881 3629 sed
897 3566 1027 3650 cujusvis
1044 3573 1098 3624 aut

51 3664 183 3730 mutorum
196 3673 264 3732 usui
278 3672 427 3733 destinati.
442 3673 481 3734 cf.
495 3684 601 3735 annot.
615 3674 654 3734 ad
667 3695 709 3736 rs.
724 3671 872 3736 stis-400.
902 3674 978 3754 hgo
992 3667 1097 3730 autad

51 3761 214 3848 Physicorum
235 3788 288 3838 aut
308 3775 348 3838 ad
367 3777 550 3840 lledicorum
569 3799 692 3840 carmen
706 3777 853 3839 referendi
866 3787 950 3854 sunt,
965 3795 1095 3860 quorum

50 3864 90 3930 hoc
111 3877 177 3941 mihi
196 3881 382 3964 probabilius
401 3885 508 3945 uisum.
551 3883 663 3946 Eodem
684 3893 816 3966 spectare
836 3891 929 3965 puto,
958 3879 1041 3964 quod
1061 3881 1095 3940 in

51 3974 126 4042 codiee
144 3986 272 4068 quodam
293 3987 467 4066 beritensi,
489 4009 550 4074 quo
570 3987 603 4050 hi
623 4003 722 4051 versus
743 3997 912 4065 serrantur,
935 3984 1019 4070 (teste
1041 3987 1095 4048 lri·

52 4089 94 4142 arte
109 4087 228 4172 llatalog.
252 4115 284 4175 p.
305 4095 383 4172 450,
406 4097 456 4156 cit.
478 4096 573 4156 Stura.
594 4093 718 4178 Emped.
734 4117 765 4177 p.
780 4093 845 4178 85.)
857 4094 1007 4178 adscripta
1019 4091 1094 4158 haes

938 4199 992 4260 19*
