2850 4896
526 411 782 492 rurrnosor’rrrs.¹
1123 427 1185 488 tua

99 609 263 710 singulae
295 621 412 705 partes
450 633 550 680 nunc
584 605 684 680 nobis
712 606 915 706 singulatim
944 606 1186 704 explicandae.

98 734 266 806 Primum
288 730 396 830 igitur
415 731 584 803 universe
605 731 745 820 statuit,
760 741 805 802 ut
820 727 924 804 rnodo
940 753 986 804 ex
1001 728 1188 802 Aristotele
1237 803 1239 810 ,

99 878 249 956 quoque
280 851 499 942 audivimus,
533 856 659 950 Φρονείν
679 849 728 948 τῷ
752 851 852 954 ὁμοίῳ
877 855 916 928 τὸ
937 850 1061 946 ίμοιοντ
1090 847 1188 922 arbi-
1281 951 1286 968 .
1394 857 1398 864 '

100 991 217 1050 tratus
240 973 434 1064 nimirum,
460 997 516 1046 res
540 973 678 1050 divinas
705 988 742 1048 et
766 973 943 1050 humanas
967 972 1110 1048 anobis
1131 999 1187 1048 ro-

98 1097 207 1197 gitari
243 1110 279 1169 et
312 1093 465 1194 perspici
499 1121 574 1170 non
607 1121 723 1196 posse,
759 1099 826 1172 nisi
856 1097 896 1169 in
928 1095 1188 1193 nobismetipsis

98 1245 228 1294 earum
258 1243 384 1292 rerum
415 1217 589 1316 principia
618 1218 722 1292 insita
758 1220 846 1294 sint:
880 1218 967 1294 hinc
996 1215 1215 1316 judicarint

100 1340 254 1441 intelligi
278 1368 299 1414 a
323 1339 427 1417 nobis
452 1366 509 1430 ea,
526 1365 685 1439 quorum
703 1342 742 1413 in
759 1340 902 1440 ingenio
918 1354 1036 1416 nostro
1052 1343 1187 1414 semina

99 1464 228 1555 insint3
258 1489 353 1563 qnae
378 1475 499 1536 contra
525 1460 642 1535 aliena
670 1463 742 1536 sint
767 1463 869 1538 nobis
893 1464 969 1538 sive
992 1461 1194 1550 dissimilia,¹

100 1609 144 1662 ea
168 1611 242 1660 non
266 1583 431 1682 intelligi.
481 1585 660 1660 Posterius
677 1585 744 1660 hoo
760 1599 918 1684 spectare
932 1584 1077 1660 videtur
1093 1585 1189 1658 Aris·

101 1707 243 1797 toteles,
267 1706 309 1780 iis
333 1732 427 1806 quae
452 1705 558 1780 modo
582 1706 770 1783 attulimus
786 1707 881 1782 -baec
902 1702 1093 1804 subjiciens
1108 1713 1188 1776 ³⁰⁷:

100 1824 151 1904 διὸ
180 1825 314 1926 ἀνάγκη
339 1827 493 1924 (rotrone
520 1829 645 1927 λέγειν)
652 1858 673 1920 ,·
693 1830 782 1922 ἤτοι,
804 1827 912 1927 ὥσπερ
937 1829 1008 1906 ἐἰιοι
1030 1829 1190 1926 λέγουσι,

99 1946 219 2028 ποίντοι
244 1952 293 2027 τὰ
322 1950 509 2046 Φοιινόμενοι
536 1945 614 2027 εἶναι
639 1949 804 2046 sittim
829 1954 885 2044 rip
906 1959 965 2026 τοῦ
995 1950 1188 2048 ἀνομοίου

101 2071 205 2164 θίξιν
234 2070 397 2161 ἀκοίτην
425 2068 517 2150 sirac·
542 2081 642 2150 τοῦτο
666 2071 736 2174 γὰρ
759 2073 900 2154 ἐνοιντίιι
922 2074 971 2174 τῷ
1002 2077 1125 2171 ὁμοίῳ
1149 2075 1188 2152 τὸ
1262 2133 1266 2148 .

100 2195 246 2292 ’ὅμοιον
266 2197 485 2296 γνωρίζειν·
510 2191 652 2274 tonitr
670 2200 727 2274 ιοοιὶ
745 2199 764 2288 ἦ
782 2197 903 2286 trem
917 2201 975 2274 κιο)
988 2199 1007 2287 ἡ
1021 2195 1191 2293 ἐπιστήμη

100 2323 166 2396 τῶν
187 2317 333 2396 ἐναντίων
357 2320 375 2408 ἡ
401 2316 485 2410 mirri
508 2314 596 2396 εἶναι.
787 2403 790 2408 ⁴

149 2444 278 2534 Quum
303 2455 425 2518 autem
449 2441 681 2540 Empedocles
705 2443 824 2519 omnia
850 2455 923 2518 tam
939 2441 1061 2518 divina
1076 2466 1189 2550 quam

98 2565 261 2640 humana
292 2564 337 2638 ad
368 2578 527 2666 quatuor
559 2563 736 2638 elementa
762 2565 855 2638 sicut
879 2563 1013 2640 radices
1037 2563 1188 2657 referat,

97 2685 181 2760 ideo
211 2686 411 2762 eorundem
434 2684 700 2762 elementorum
725 2688 977 2760 communione
1002 2714 1068 2764 nos
1092 2714 1187 2788 quo-

96 2831 175 2906 que
194 2821 340 2910 ¹cuncta
377 2832 522 2884 noscere
558 2788 749 2884 arbitratus
784 2823 852 2900 est,
887 2821 931 2882 ut
955 2811 1116 2900 animus,
1141 2837 1186 2886 ex

98 2928 263 3006 universi
299 2928 484 3028 principiis
519 2943 697 3018 constans,
731 2929 835 3028 quasi
866 2943 971 3002 testes
994 2930 1031 3001 in
1057 2957 1094 3006 se
1117 2931 1186 3004 ha-

97 3051 184 3124 beat
201 3049 525 3150 cognoscendarum
543 3076 668 3124 rerum
680 3053 759 3122 ³0⁸:
778 3052 827 3122 sic
844 3049 988 3124 aethere
1009 3057 1187 3126 noscimus

97 3169 282 3246 aetherem
313 3197 443 3272 resque
470 3171 644 3246 aetherias
667 3171 771 3244 nobis
792 3171 959 3271 objectas,
977 3177 1082 3248 'terra
1108 3189 1185 3247 ter-

96 3321 179 3378 ram
209 3307 245 3368 et
272 3320 368 3394 quae
392 3309 508 3368 terrae
534 3287 699 3394 cognata,
721 3297 855 3395 pariter
878 3296 1026 3397 singulis
1047 3296 1187 3396 singula

95 3414 167 3488 illis
192 3415 454 3515 respondentia.
504 3416 578 3490 Hoc
599 3417 730 3514 ipsein
760 3416 922 3492 versibus
949 3417 1025 3493 suis
1045 3418 1188 3517 praedi·

132 3583 208 3650 (307)
226 3584 332 3635 Aristot.
348 3581 381 3635 de
397 3585 479 3636 Anim.
497 3583 513 3634 Ι.
531 3585 539 3633 Ι
564 3601 588 3653 p.
610 3582 657 3635 502
676 3587 701 3636 Β.
767 3587 768 3590 ’

131 3673 205 3740 (308)
221 3675 258 3726 Ut
277 3673 409 3742 eleganter
430 3673 493 3726 dicit
517 3674 674 3743 Philoponus
693 3677 719 3726 in
741 3676 844 3728 Aristot
865 3676 899 3728 de
922 3677 1002 3730 Anim.
1021 3679 1072 3739 111,
1089 3679 1120 3744 R,
1143 3696 1188 3734 rr:

96 3767 138 3834 (οἱ
163 3765 283 3830 φυσικοὶ)
307 3767 433 3833 ἐνόμιζον
457 3770 508 3834 τὴν
529 3770 624 3834 ψυχὴν
650 3769 679 3818 ἐκ
701 3768 812 3818 πάντων
831 3769 886 3818 τῶν
904 3767 988 3820 ὄντων
1006 3773 1187 3842 συγκεῖσθαι,

95 3858 148 3912 ἵνα
166 3862 195 3910 ἐκ
214 3864 268 3912 τῶν
283 3863 374 3931 ἀρχῶν
396 3863 561 3928 συγκειμένη
582 3857 640 3912 οἷον
662 3860 814 3934 ὁμήρους
834 3861 938 3932 ἔχουσα
960 3865 1051 3918 αὐτῶν
1071 3864 1189 3936 γινώσκῃ

98 3954 184 4006 αὐτοὶ·
203 3957 274 4008 οὗτοι
294 3959 346 4027 γὰρ
370 3955 467 4006 καὶτὸ
487 3951 716 4017 Ἐμπεδόκλειον
735 3953 800 4014 ἔπος
816 3956 865 4023 (vs.
884 3955 954 4020 321).
987 3958 1052 4008 Cum
1066 3955 1116 4011 hac
1129 3975 1189 4010 aen·

96 4046 182 4096 tentia
206 4051 328 4114 congruit
355 4035 468 4100 Platonis
493 4045 591 4098 dictum
609 4047 635 4098 in
662 4026 781 4100 Phaedro
800 4064 827 4116 p.
847 4027 1021 4118 ογοιψυχῆς
1045 4035 1093 4100 οὖν
1112 4050 1190 4113 φύσιν

97 4135 184 4196 ἀξίοιο
198 4139 281 4208 λόγου
303 4144 468 4208 κατανοῆσαι
483 4139 536 4190 olco
552 4141 675 4192 δυνατὸν
696 4131 768 4192 εἶναι
785 4137 855 4193 ἄνευ·
867 4146 915 4209 τῆς
927 4147 977 4194 τοῦ
991 4142 1056 4198 ὅλοιν
1068 4144 1189 4206 φοίσι.ιοις,·4
