2776 4916
222 423 225 437 ο
262 381 327 445 226
663 387 940 436 COMMENTARIUS
982 437 987 454 .

259 569 328 644 γοῦν
340 565 369 626 lv
383 568 424 640 οζί
436 561 531 639 οροίτρο
544 563 600 621 riis
615 557 749 634 Φοροοοίίν·
767 559 802 626 »l
822 557 859 622 ll
875 562 963 635 xiiio
978 553 1073 624 crist'
1093 556 1232 619 lliscimus
1247 559 1313 636 bino,

261 684 361 728 versus
380 664 451 725 istos
471 681 553 738 nou,
574 669 608 720 ut
625 658 754 720 Stumiur
774 657 916 740 putabat,
935 681 952 720 e
969 659 1047 721 libro
1063 665 1089 740 1,
1108 662 1160 724 sed
1177 685 1194 724 e
1210 665 1236 726 ll
1251 663 1314 747 thy-

261 774 391 833 siocrnm
410 767 519 851 petitos
541 783 615 826 esse:
637 763 719 824 unde
740 763 841 845 colligi
861 774 976 846 potest,
1001 766 1074 827 alios
1094 789 1215 853 quoqne
1234 769 1313 832 similis

260 873 430 960 argumenti
448 873 532 933 locos
551 870 589 930 ad
610 868 741 930 cundem
765 866 878 930 librum
898 891 956 931 osse
976 871 1156 936 referendos.
1185 875 1313 934 Caeterum

260 983 373 1064 priores
392 989 451 1040 tres
470 997 570 1040 versus
591 974 662 1034 citat
678 975 768 1034 etiam
783 973 955 1037 Alexander
973 976 1133 1060 Aphrodis.
1153 979 1273 1062 Metapb.
1290 981 1313 1039 in

229 1075 231 1080 ’
260 1085 394 1150 litandis.
412 1082 512 1146 schol.
531 1081 650 1144 Aristot.
671 1100 703 1161 p.
721 1077 783 1140 587
801 1077 832 1140 b.

300 1191 403 1252 Primis
420 1188 467 1249 his
480 1185 610 1248 versibus
624 1183 799 1246 describitur
818 1185 928 1246 ossium
942 1189 1127 1270 compositio.
1170 1187 1315 1250 Fabrioatio

257 1297 294 1358 fit
304 1297 337 1356 in
351 1297 476 1358 Terrae
495 1289 684 1367 fornacibus,
700 1300 735 1350 ut
747 1311 848 1356 rerum
863 1292 1035 1354 mortalium
1051 1292 1184 1354 officinis.
1207 1294 1314 1353 Vocatur

254 1403 308 1464 illa
327 1409 452 1482 ίοοίρρος,
472 1395 556 1481 quod
576 1395 703 1456 ductum
726 1394 764 1456 ab
787 1399 835 1478 ίίρ,
854 1399 875 1458 i.
895 1419 922 1460 e.
944 1406 1029 1480 χοῖρος
1052 1398 1098 1481 (ut
1121 1398 1155 1459 in
1176 1409 1248 1459 noto
1268 1399 1315 1458 llo-

254 1509 329 1570 meri
352 1507 433 1567 dioto
456 1507 504 1586 ipa
527 1509 635 1584 Φίροον,
662 1507 817 1584 ἐπιφέρειν,
848 1502 884 1566 de
900 1525 963 1588 quo
982 1503 1095 1564 erudite
1116 1502 1231 1566 disserit
1245 1506 1314 1565 Butt-

253 1635 335 1674 man.
354 1611 449 1673 baxil.
469 1612 499 1684 1,
517 1607 575 1685 383
594 1629 626 1690 p.
649 1608 706 1671 149
725 1610 803 1693 sqq.)
813 1633 821 1687 3
838 1619 926 1670 notat
946 1610 1038 1692 igitur
1054 1608 1242 1691 prosiliam,
1256 1627 1314 1687 pro-

250 1719 350 1800 prim
366 1714 450 1800 quod
466 1733 611 1797 perquam
629 1724 743 1795 aptium.
785 1716 927 1776 Bnttman
948 1725 1051 1775 tamen
1070 1713 1092 1774 l.
1114 1714 1136 1774 l.
1158 1735 1190 1796 p.
1213 1713 1267 1775 157
1280 1733 1314 1793 sq.

248 1843 308 1906 ¹pro
327 1821 388 1882 hcc
406 1819 504 1902 legere
524 1816 630 1878 suadet
650 1824 768 1899 ἐρίηρος,
791 1821 880 1904 quia,
904 1820 1019 1904 inquit,
1046 1801 1111 1878 non
1140 1821 1208 1878 satis
1233 1826 1313 1900 patet,

248 1948 311 2011 quo
327 1925 505 2008 praepositio
523 1929 585 1990 ἐπι·
602 1921 657 1986 h.l.
677 1924 835 2003 reseratur,
859 1927 918 1988 sive
948 1925 1011 1993 cui
1035 1929 1095 2000 (ixl
1114 1929 1181 1998 riri)
1201 1921 1313 2008 propitia

249 2031 296 2093 sit.
337 2030 376 2090 At
397 2048 489 2112 qnam
514 2028 609 2088 multa
630 2039 701 2088 sunt
721 2031 885 2111 composita
909 2051 980 2090 cum
1000 2028 1059 2089 hac
1080 2028 1179 2090 aliisve
1200 2045 1314 2110 praepo·

249 2131 420 2208 titionibus,
441 2131 475 2191 in
494 2131 603 2214 quibus
621 2131 682 2192 hoc
701 2153 765 2194 non
780 2134 875 2216 magis
897 2144 1036 2216 apparet,
1057 2155 1105 2194 ex.
1127 2155 1173 2216 gr.
1192 2138 1314 2207 ἐπιρροῆς,

246 2245 392 2322 ἐπίφορος,
418 2243 553 2319 ἐπίουρος,
583 2243 731 2319 ίοοίχοιροο,
762 2261 839 2322 quae
868 2239 969 2299 omnia
1000 2236 1135 2300 absolute
1163 2249 1314 2324 ponuntur.

214 2414 216 2419 ,
247 2350 349 2424 Quum
369 2345 456 2405 Terra
479 2353 603 2404 vocatur
621 2350 746 2425 ἐρίηρος,
772 2356 879 2428 sponte
896 2342 1075 2425 intelligitur
1093 2353 1234 2421 ορρορῖρο,
1259 2364 1315 2424 erga

248 2471 325 2534 quos
339 2459 374 2508 ut
387 2469 473 2508 nnnc
489 2449 523 2508 in
539 2447 648 2509 alendo
666 2461 696 2511 et
716 2449 911 2511 sustentando
920 2492 930 2527 ,-
946 2449 987 2508 ita
1006 2447 1078 2510 olim
1095 2451 1128 2510 in
1141 2447 1315 2533 procreando

248 2566 278 2617 et
299 2552 461 2616 formando
481 2552 648 2636 benignitas
672 2557 738 2640 ejus
754 2557 917 2640 conspicua
937 2554 1005 2617 fuit.

289 2664 435 2735 ιίοίιοοοος
462 2670 595 2740 zodiacos·
629 2663 676 2722 lta
699 2661 868 2744 Simplicius
886 2660 920 2720 in
941 2659 1033 2744 Phys.
1055 2670 1084 2720 et
1097 2660 1184 2722 Alex.
1201 2658 1314 2741 llataph.

247 2788 327 2852 ,quos
352 2775 471 2827 secutus
498 2775 542 2826 est
569 2785 689 2848 quoque
707 2766 853 2849 Scaliger;
878 2776 908 2826 at
932 2764 1014 2848 apud
1033 2765 1140 2848 Simpl.
1167 2765 1205 2827 de
1227 2766 1314 2828 imm.

247 2875 321 2935 item
336 2870 419 2954 apud
432 2869 619 2933 Aristotelem
637 2882 807 2956 ceterosque
825 2876 1072 2952 ricemere-xciv.
1087 2870 1170 2953 apud
1186 2870 1313 2932 Themist.

151 2963 152 2966 Ἴ
248 2983 424 3060 ripuensis
444 2975 520 3057 (non
537 3003 601 3054 -οος,
612 2983 615 2990 “
625 2985 660 3036 ut
679 2986 765 3037 notat
781 2975 890 3058 Stura.)
899 3000 908 3055 5
930 2976 982 3037 sed
1000 2981 1150 3054 οίοίοοοος
1167 2977 1251 3036 unice
1270 2993 1315 3054 ap

249 3085 381 3167 positum
394 3081 543 3144 vocabulo
555 3091 678 3164 χοάνοις.
695 3081 773 3142 illud
783 3102 837 3163 per
851 3103 981 3144 errorem
994 3082 1113 3144 illatum
1131 3094 1207 3165 puto
1221 3079 1258 3142 ab
1271 3078 1316 3138 ali-

250 3210 311 3274 quo
328 3187 380 3273 qui
396 3187 600 3248 recordaretur
613 3187 788 3250 llesiodenm
802 3189 866 3269 ροοΐ
877 3193 1061 3270 εὐρύστερνος.

290 3292 358 3354 lam
371 3290 580 3352 describuntur
593 3291 810 3356 elementorum
823 3305 934 3376 partes,
948 3317 964 3355 e
979 3293 1088 3378 quibus
1102 3315 1168 3354 ossa
1180 3294 1236 3353 sint
1248 3311 1314 3350 con-

250 3398 337 3460 flata:
352 3407 492 3460 constant
509 3415 544 3456 ea
565 3405 634 3456 octo
653 3395 801 3478 partibus:
817 3395 934 3460 duabus
946 3409 1040 3460 tarrae
1048 3445 1058 3476 ,
1076 3397 1194 3458 duabus
1208 3396 1274 3457 a'e'ris
1291 3401 1316 3452 et

253 3523 366 3586 aquae,
387 3513 516 3586 quatuor
532 3499 661 3561 Vulcani
677 3501 735 3562 sive
753 3502 860 3583 ignis·
882 3503 1040 3565 Videamus
1060 3503 1100 3564 de
1119 3501 1250 3586 singulis.

293 3617 333 3676 τὶ
353 3613 401 3674 δίο
419 3639 462 3657 -
480 3612 590 3688 μορίοιν.
629 3607 665 3666 ln
690 3605 736 3666 his
756 3607 974 3696 veriant'libri:
996 3628 1051 3692 pro
1072 3619 1113 3676 τὶ
1132 3613 1180 3675 δύο
1200 3607 1245 3670 alil
1266 3611 1317 3672 οῦν
1374 3637 1375 3660 r

255 3721 321 3791 llo,
342 3707 467 3798 quidam
480 3720 542 3789 'vde
561 3717 620 3782 Mos
641 3731 696 3792 pro
713 3719 813 3796 μορίοιν
830 3714 880 3776 alli
893 3715 1071 3798 mpictsalfi
1083 3725 1206 3796 μοιράων,
1243 3709 1315 3774 Scul·

254 3831 286 3881 st
301 3821 394 3881 stum.
413 3817 559 3882 exhibent
576 3829 631 3888 οοίο
644 3825 691 3886 δίο
704 3845 746 3869 ι·-
761 3830 872 3902 ροορίοοο,
892 3819 1017 3885 Biantis
1029 3832 1084 3898 ηρ
1097 3826 1145 3889 δίο
1157 3855 1197 3872 -·-
1210 3825 1316 3902 μορίοιν,
1374 3858 1375 3886 ι

254 3922 454 3985 Trendelsub.
467 3934 523 4004 οὶς
535 3930 582 3994 δίο
596 3961 638 3978 ·-
649 3937 759 4008 μοιρίο,
774 3923 936 4010 Goettling.
951 3929 1033 4012 conj.
1049 3939 1140 3996 ιοὴ-
1149 3927 1263 4011 papias}
1279 3933 1316 3989 τὶ

253 4028 404 4112 accipiens
421 4028 504 4091 duali
518 4051 664 4114 numero5
683 4033 736 4096 sed
753 4033 933 4097 femininum
951 4055 1016 4096 non
1036 4036 1174 4120 congruit
1190 4053 1252 4096 cum
1273 4049 1317 4089 se-
1374 4019 1375 4076 l
