2846 4904
243 402 307 466 384
641 417 688 464 nn
709 417 925 466 enmocms

240 595 398 682 possent,
432 585 460 655 si
497 581 600 656 modo
635 584 674 654 in
701 609 820 656 unum
850 593 979 656 cuncta
1004 581 1325 677 contraherentur,

242 706 346 782 modo
362 730 490 779 rursus
505 704 544 778 in
561 703 699 782 diversa
716 704 987 795 dividerentur,
1004 701 1111 778 modo
1125 703 1201 778 sola
1219 707 1324 778 Ami-

240 829 343 916 citia,
370 825 474 900 modo
496 827 673 901 Discordia
706 841 888 927 regnaret:
914 849 1054 901 necesse
1079 827 1178 902 enim
1205 827 1321 912 foret,

240 949 447 1024 dominante
473 950 602 1043 altero,
623 952 777 1026 alterum
802 975 1036 1040 evanescere,
1062 964 1099 1022 et
1125 951 1175 1024 sic
1198 965 1322 1026 muta-

242 1073 286 1144 tis
315 1070 454 1164 ¹vicibus
477 1097 519 1146 ea
541 1072 720 1174 exstingui
748 1088 924 1174 perpetuo
951 1099 1138 1147 aurursus
1169 1073 1321 1149 revivis-

241 1218 340 1285 cere3
354 1218 426 1265 non
447 1219 534 1267 vero
547 1209 693 1300 possent
709 1219 785 1268 esse
806 1208 961 1286 aeterna,
978 1195 1069 1268 sicut
1083 1193 1142 1266 ille
1157 1192 1320 1268 affirmat.

157 1405 160 1411 Ι
291 1315 420 1388 Forma
444 1330 568 1390 autem
592 1315 689 1390 illiue
712 1315 832 1415 placiti
857 1315 1022 1414 congruit
1039 1339 1128 1388 eum
1157 1313 1321 1388 Heracliti

241 1433 406 1528 decreto,
429 1436 527 1536 quod
550 1463 635 1510 cum
653 1436 889 1537 Empedocleo
915 1436 1065 1536 illo=jam
1088 1437 1319 1512 contulerunt

242 1555 343 1630 Plato
362 1571 399 1632 et
422 1557 644 1653 Aristoteles,
664 1561 852 1634 statuentis
876 1584 996 1633 unum
1017 1558 1227 1632 distractum
1245 1583 1319 1656 per·

142 1766 144 1770 ¹
243 1695 353 1780 petuo
386 1681 565 1756 contrahi:
604 1711 644 1756 ro
673 1681 709 1756 ‘lv
741 1679 974 1780 διαφερόμενον
1005 1679 1059 1756 ciel
1087 1677 1319 1777 ξυμφέρεσθαι.

164 1815 169 1826 “
242 1801 391 1877 Difficile
413 1803 600 1878 intellectu
617 1803 792 1898 videatur,
819 1831 893 1906 quo
916 1829 1026 1878 seusu
1045 1802 1209 1901 dissipari
1230 1801 1318 1876 idem

243 1923 425 2025 simulque
442 1924 606 1998 contrahi
624 1925 773 2000 dicutur.
809 1927 878 2020 Sed
900 1926 1101 2000 Heraclitus
1116 1923 1184 1998 hoc
1201 1923 1317 2014 voluit,

243 2043 390 2118 alterins
408 2043 656 2120 discretionem
672 2045 783 2121 simul
798 2049 1061 2122 concretionem
1081 2045 1238 2138 alterius,
1249 2044 1318 2120 sive

241 2165 389 2242 alterius
408 2181 559 2243 mortem
578 2169 689 2244 vitam
711 2167 856 2242 alterius
879 2195 966 2243 esse.
994 2167 1158 2269 Uterque
1176 2163 1316 2240 instabi-

243 2287 314 2362 lem
346 2303 497 2364 naturae
517 2291 677 2388 partium
697 2289 978 2364 vicissitudinem
1005 2289 1052 2364 ad
1077 2301 1212 2362 certam
1236 2311 1316 2360 nor-

235 2437 340 2482 ·mnm
368 2412 557 2485 universae
591 2425 746 2484 naturae
766 2436 998 2484 communem
1030 2408 1199 2504 reduxit3
1231 2420 1315 2480 uter·

243 2557 319 2632 que
343 2556 422 2604 earu
449 2531 494 2604 ad
522 2531 735 2606 contrariam
767 2531 903 2632 redegit
938 2533 1133 2622 actionem
1169 2529 1231 2604 sed
1257 2551 1316 2600 suo

247 2645 404 2752 uterque
436 2651 562 2726 modo:
600 2652 688 2726 alten
719 2652 874 2726 diversas
904 2651 981 2728 illas
1002 2653 1157 2728 actiones
1177 2651 1316 2724 intense

246 2777 393 2874 opponit
416 2788 454 2848 et
476 2775 622 2848 mutatis
645 2774 782 2849 vicibus
809 2788 954 2872 agentes
979 2775 1079 2868 ttcit,
1100 2773 1191 2848 alter
1211 2768 1316 2846 ambas

245 2899 284 2972 in
298 2923 416 2972 unum
429 2898 638 2996 constringit
654 2911 697 2972 ut
710 2898 805 2970 arotl
819 2896 1079 2972 necessitudine
1089 2894 1315 2970 cohaerentes.

296 3139 431 3214 Eodem
467 3141 571 3216 modo
603 3137 876 3239 explicandum,
913 3138 1013 3239 quod
1035 3137 1265 3238 Empedocles
1283 3138 1314 3208 in

246 3264 403 3336 carmine
426 3261 675 3336 declamantis
695 3261 793 3351 dicit,
813 3261 910 3334 aliud
929 3289 1056 3336 eorum
1080 3261 1148 3338 alio
1170 3277 1314 3360 tempore

246 3383 518 3458 dominat-twa
581 3383 844 3458 Animadvertit
874 3383 1038 3457 videlicet
1064 3386 1102 3456 in
1136 3381 1313 3456 animanti-

247 3505 316 3578 bus
336 3507 521 3604 temperiei
538 3504 829 3588 vicissitudinem,
847 3504 955 3584 modo
975 3531 1017 3577 ea
1035 3504 1163 3578 ardore
1184 3504 1312 3577 incales·

224 3714 227 3720 Ι
249 3651 346 3720 cere,
367 3627 471 3702 modo
488 3627 618 3726 frigore
634 3642 849 3726 torpescere3
864 3626 967 3699 modo
980 3628 1018 3697 in
1031 3625 1150 3700 lucem
1164 3626 1311 3711 tendere,

249 3748 353 3822 modo
387 3750 424 3820 in
463 3749 617 3822 humum
652 3737 825 3846 deprimi;
856 3761 1033 3847 postremo
1067 3749 1106 3820 in
1143 3747 1313 3850 pulverem

122 3883 126 3892 '
249 3867 345 3944 abire
367 3871 426 3944 vel
448 3873 486 3942 in
512 3884 617 3943 auras
638 3893 866 3943 evanescere:
899 3870 1150 3947 animadvertit
1172 3864 1313 3970 quotidi-

249 4015 333 4064 anos
360 3993 473 4066 noctis
494 4005 531 4064 et
552 3989 624 4066 diei
648 3990 772 4082 orbes,
795 4016 934 4066 annuos
953 4007 1160 4092 temporum
1179 4010 1309 4066 conver·

284 4151 358 4218 (ror)
375 4149 433 4203 Vid.
452 4150 560 4218 Emped.
578 4167 614 4204 vs.
638 4149 699 4202 116:
716 4153 745 4202 cv
764 4150 796 4204 δὲ
815 4153 893 4220 μέρει
913 4156 1058 4220 κρατέουσι
1073 4181 1111 4194 --
