2768 4916
240 391 259 451 4
636 401 684 448 nn
708 383 927 452 mnnomis

237 581 345 656 runt,
368 581 412 640 ut
436 580 611 640 memorat
633 566 760 640 Snidas
777 580 811 641 ⁴.
861 569 931 643 Sed
953 568 1162 646 Archinomi
1188 599 1333 650 nomen

237 691 366 764 nititur
397 689 605 763 auctoritate
637 689 816 787 scriptoris
849 691 1054 791 cujusdam,
1079 695 1225 770 fortasse
1253 698 1332 798 Py-

235 812 410 911 thagorei,
433 811 516 882 satis
539 811 679 910 antiqui
703 810 876 909 quidem,
900 813 962 887 sed
985 815 1095 915 ignoti
1121 843 1162 890 ac
1184 819 1333 893 nullius

234 933 335 1024 fidei,
360 936 427 1034 qui
450 932 633 1032 epistolam
656 933 761 1005 finxit
785 932 951 1035 Telaugis
974 939 1119 1009 nominc
1142 938 1187 1011 ad
1203 938 1331 1012 Phiio-

233 1053 334 1127 laum
359 1055 542 1152 scriptam,
567 1058 606 1126 in
631 1081 705 1154 qna
729 1052 776 1127 de
800 1055 1024 1156 Empedoclis
1042 1059 1115 1131 vita
1138 1074 1329 1133 narratur.

234 1178 305 1249 ista
336 1189 459 1250 autem
491 1175 659 1276 epistola,
689 1176 883 1278 quaejam
912 1207 933 1252 a
959 1179 1125 1254 Neanthe
1152 1181 1331 1282 Cyziceno

121 1319 125 1326 ·
234 1299 470 1384 maiomenis
491 1291 645 1396 iudicata
668 1313 742 1391 est,
763 1301 845 1372 satis
865 1327 904 1374 se
921 1302 997 1402 ipsa
1017 1303 1215 1402 redarguit3
1235 1304 1331 1378 adeo

234 1426 358 1522 inepte
374 1435 411 1494 et
427 1422 576 1495 confuse
592 1419 742 1495 conflata
758 1422 797 1493 in
814 1420 855 1494 eei
872 1438 959 1496 sunt
974 1428 1094 1498 omnia
1106 1433 1140 1496 ⁵.
1178 1427 1328 1517 Quam-

234 1545 358 1619 obrem
384 1543 452 1616 hoc
479 1542 624 1642 quidem
656 1543 906 1617 testimonium
937 1545 1028 1618 nihil
1056 1545 1164 1619 habet
1191 1562 1327 1620 aucto-

234 1670 356 1741 ritatis.

266 1839 304 1902 (ίι)
322 1837 413 1889 Suidas
424 1855 451 1889 v.
468 1836 681 1905 Ἐμπεδοκλῆς,
696 1838 740 1890 nbi
750 1858 799 1910 pro
808 1839 833 1892 Ξ
833 1843 930 1894 seiron
941 1841 1077 1909 legendum
1087 1857 1141 1908 eosq
1149 1838 1325 1901 Ἐξαινέτου,

232 1929 283 1994 jam
300 1927 403 1979 dudum
420 1929 578 1996 interpretes
595 1931 751 1982 docuerunt.
779 1932 836 1984 Vid.
851 1935 952 2000 tlensg.
969 1932 1321 1996 obsem.inniog.1.aert.

230 2021 310 2080 vm,
328 2019 370 2074 53.

264 2109 305 2178 (5)
338 2111 394 2172 Quo
406 2111 504 2164 facilius
515 2111 660 2166 haesitans
670 2112 807 2180 dijudicari
821 2115 911 2184 possit,
922 2121 976 2166 non
989 2111 1182 2164 incommodum
1193 2112 1244 2164 erit
1255 2111 1322 2178 epis-

232 2201 288 2253 tolii
304 2201 378 2254 istius
395 2211 533 2273 excerpta,
548 2221 564 2254 a
575 2204 687 2268 Diogene
700 2205 818 2272 prodita¹
833 2205 952 2256 hocloco
964 2201 1128 2274 componere
1164 2203 1277 2252 Primum
1288 2199 1322 2251 de

232 2292 396 2361 hpedociis
408 2301 484 2362 patre
496 2301 683 2344 commemorat
694 2294 757 2345 haec
769 2295 891 2359 (v111‚s.
905 2297 963 2372 53).ε
985 2296 1132 2364 Τηλσιιγὴς
1147 2293 1180 2347 δὲ
1189 2294 1203 2344 ὅ
1213 2293 1320 2345 Πυθα-

234 2385 318 2453 γόρου
332 2394 400 2445 παῖς
409 2386 438 2436 ἰν
448 2393 485 2453 τῇ
492 2387 560 2454 πρὸς
569 2386 708 2438 Φιλόλαον
717 2388 851 2456 ἐπιστολῇ
857 2391 938 2457 φησι,
952 2392 1001 2442 τὸν
1010 2383 1320 2454 ἘμσεδοιιλέσἈρχι-

231 2480 318 2542 νόμον
327 2472 401 2530 ι’ἷνσι
413 2477 484 2532 υἱόν.
510 2478 592 2528 Porro
605 2493 624 2526 s.
639 2475 685 2533 55,
699 2475 732 2527 de
745 2479 800 2543 ejus
811 2473 1037 2550 praeceptoribus:
1063 2483 1199 2548 Νεάνθης
1209 2481 1318 2546 φησὶ...-

232 2577 285 2642 rip
294 2575 505 2642 προφιρομὲνην
513 2571 580 2640 πρὸς
587 2569 752 2637 Τηλαυγσῦς
761 2572 917 2642 ἐπιστολὴν,
928 2575 972 2625 ὅτι
981 2577 1119 2642 μετέσχεν
1128 2569 1263 2625 Ἱππάσου
1272 2573 1319 2622 noi

231 2669 395 2736 Βροντίνου,
404 2669 442 2734 μὴ
454 2658 528 2717 εἶναι
537 2666 705 2724 ἀξιόπιστον.
726 2665 859 2715 Postremo
873 2665 905 2716 de
919 2665 1081 2734 Empedoclis
1093 2675 1185 2725 morte,
1199 2683 1218 2715 s.
1231 2668 1271 2727 74:
1285 2667 1319 2715 'is

232 2761 265 2814 di
278 2762 317 2832 rip
331 2761 521 2830 προειρημένοι
536 2758 699 2825 Τηλουγοῦς
713 2756 860 2824 ἐπιστολίῳ
877 2757 1001 2824 λέγεται,
1017 2757 1103 2808 αὐτὸν
1115 2759 1157 2814 εἷς
1171 2758 1318 2808 θάλατταν

232 2855 286 2908 ὑπὸ
301 2859 388 2925 γήρως
403 2851 787 2920 ὁλισθὴναντπσολευτῆσσι.
812 2849 882 2901 Haec
898 2856 960 2899 sunt
973 2855 1040 2918 quae
1053 2847 1124 2916 apud
1137 2849 1275 2913 Diogenem
1285 2867 1317 2901 cx

229 2947 273 2998 iila
283 2946 392 3016 epistola
403 2951 605 2996 commemorata
615 2942 729 3006 legimus.
755 2943 823 3001 iam,
839 2947 871 2990 ut
883 2939 1010 2999 omittam,
1029 2937 1100 3007 quod
1118 2939 1240 3004 Diogenes
1258 2939 1315 2992 alibi

230 3037 319 3100 (vlu,
336 3035 388 3096 43.)
407 3033 513 3093 scribit,
526 3032 656 3096 Telaugen
666 3030 730 3080 nihil
742 3030 832 3098 scripti
839 3028 993 3098 reliquisse,
1011 3045 1088 3081 nemo
1104 3030 1219 3094 ignorat,
1236 3045 1314 3098 quan·

230 3134 287 3178 tum
301 3125 425 3191 Teiauges
434 3132 461 3175 et
470 3122 600 3173 Philolaus
614 3128 701 3171 aetate
714 3120 783 3170 inter
795 3135 823 3170 sc
834 3117 940 3170 distent.
970 3121 1062 3188 Neque
1074 3121 1175 3170 minore
1186 3119 1315 3170 intervallo

231 3215 308 3267 distat
322 3215 356 3266 ab
372 3213 542 3282 Empedocie‚
562 3211 605 3262 cui
618 3211 662 3263 vix
673 3209 799 3280 aequalis,
815 3207 911 3258 nedum
924 3210 1042 3275 superior
1056 3219 1110 3260 esse
1123 3207 1245 3276 potuerit.
1270 3209 1314 3259 llic

232 3313 319 3356 tamen
331 3303 398 3354 iliius
411 3311 521 3354 mortem
532 3307 727 3351 commemorat.
751 3299 823 3350 Idem
832 3296 970 3348 dicendum
980 3297 1013 3350 de
1026 3298 1149 3348 Brontino
1161 3303 1187 3350 et
1199 3299 1312 3367 Hippaso.

231 3395 365 3445 Postremo
382 3392 496 3460 singula,
517 3392 627 3460 quaein
645 3391 693 3442 hac
710 3390 817 3460 epistola
829 3388 990 3450 traduntur,
1009 3388 1169 3456 optimorum
1181 3396 1311 3440 auctorum

231 3483 384 3537 testimoniis
394 3489 595 3558 repugnantuut
609 3480 730 3548 deinceps
742 3480 885 3549 apparebit.

263 3574 339 3625 Doct.
352 3575 466 3637 Bonamy
481 3571 610 3640 (Memoir.
622 3571 656 3622 de
666 3570 761 3648 l'lcad.
774 3571 800 3621 d.
815 3573 897 3621 inser.
906 3577 936 3620 et
949 3571 975 3618 Β.
992 3568 1075 3620 Lettr.
1085 3568 1114 3619 T.
1131 3569 1174 3628 X,
1185 3586 1211 3637 p.
1224 3567 1260 3619 55.
1272 3567 1309 3619 ed.

230 3664 307 3716 Paris.
317 3663 448 3730 :putabat
455 3659 638 3714 Archinomum
646 3669 749 3729 patrem
756 3659 863 3711 sortasse
872 3659 948 3711 luisse
958 3657 1119 3726 Empedoclis
1127 3657 1309 3724 tragoediarum

228 3755 331 3822 poetae,
342 3752 388 3820 qui
398 3753 483 3802 minor
492 3755 556 3802 nat‘u
570 3750 628 3801 fuit.
659 3749 710 3801 Sed
720 3749 864 3819 reliqua·ab
873 3750 950 3814 hujus
959 3731 1045 3799 aetate
1055 3750 1138 3799 multo
1149 3748 1225 3799 etiam
1238 3747 1309 3812 magis
1360 3735 1367 3750 ’

229 3841 385 3908 discrepant.
411 3840 438 3891 Si
456 3839 573 3891 mendaci
588 3839 714 3891 Graeculo
735 3839 822 3908 aliqua
842 3839 905 3891 fides
923 3847 990 3890 esset
1010 3837 1139 3898 habenda,
1157 3853 1173 3888 c
1189 3835 1308 3886 vocabulo

232 3933 400 4002 ’Λρχινσμος
409 3935 560 3999 conjectura
569 3930 630 3982 duci
639 3929 819 3999 posset‚iuisse
827 3930 897 3982 istud
905 3945 1050 3998 cognomen
1060 3927 1229 3996 magistratus,
1237 3941 1308 3994 qoem
1351 3950 1354 3955 ·

232 4027 323 4077 llleton
335 4025 361 4077 in
373 4024 479 4076 civitate
490 4021 654 4088 Agrigentino
664 4021 787 4088 gessisset,
797 4021 920 4090 quoniam
931 4039 945 4072 a
957 4021 1022 4090 reip.
1035 4015 1252 4071 administratione
1261 4029 1310 4066 oon

232 4114 329 4168 alienus
342 4112 420 4166 luisse
431 4111 543 4167 videtur.
1263 4109 1267 4120 “
