2768 4916
273 401 316 463 tt
458 413 464 426 ’
598 415 973 478 ¹nnrurmnocnn

273 581 421 658 creditu.
488 585 556 656 Res
596 597 716 656 autem
755 598 832 657 erat
861 583 1024 682 graviore
1058 583 1193 683 plectro
1234 585 1344 686 digna,

181 691 185 698 .
253 721 310 783 et
339 735 360 782 a
387 707 536 784 maximi
566 709 700 806 ingenii
727 707 839 807 poetis
872 705 1065 799 celebrata,
1096 720 1139 780 ut
1161 707 1344 798 Simonide,

274 831 507 921 Mimnermc,
533 830 723 933 Aeschylo,
748 829 934 903 Timotheo
956 833 1036 934 ¹⁸9.
1075 830 1236 930 Apparet
1258 830 1345 922 inde,

273 951 528 1053 Empedoclem
558 952 680 1026 altiora
704 967 800 1028 certe
821 966 993 1045 tentasse;
1029 953 1090 1027 sed
1115 979 1262 1027 carmen
1286 956 1346 1026 irn-

276 1075 480 1176 perfectum
504 1073 668 1176 reliquit,
689 1089 726 1149 et
745 1103 764 1148 a
784 1099 901 1150 sorore
919 1072 998 1174 ejus
1016 1074 1074 1151 vel
1090 1074 1179 1168 filia,
1198 1090 1243 1148 ut
1258 1074 1346 1149 modo

277 1190 453 1290 vidimus,
481 1195 725 1283 combustum¹
740 1211 804 1270 est.
857 1197 967 1296 Apud
993 1198 1219 1272 Aristotelem
1244 1198 1346 1297 aliquo

276 1318 352 1394 loco
379 1317 510 1392 citatur
536 1317 769 1418 Empedocles
794 1317 826 1395 ἐν
854 1323 922 1401 τοῖς
950 1325 1142 1420 Περσικοῖς,
1165 1321 1229 1395 sed
1253 1319 1346 1393 libra-

276 1439 415 1514 riorum
443 1438 511 1512 hoc
537 1465 612 1513 esse
641 1455 851 1539 peccatum,
876 1440 1095 1515 mutandum
1120 1444 1160 1513 in
1187 1443 1348 1528 Φυοοκοῖο,

276 1561 358 1669 luce
382 1563 607 1646 clarius190.

270 1785 277 1800 ·
325 1689 499 1784 Προοίμιον
520 1688 564 1769 εἷς
587 1687 791 1765 Ἀπόλλωνα.
836 1691 955 1762 Etiam
976 1688 1043 1762 hoc
1057 1668 1227 1780 carmen,
1243 1703 1285 1761 ut
1300 1712 1347 1760 su-

276 1835 341 1908 pra
360 1808 534 1901 vidimus,
558 1810 683 1886 eodem
704 1813 776 1885 fato
792 1837 866 1912 quo
881 1807 1053 1909 Περσικοὶ,
1070 1808 1281 1884 absumtum
1299 1820 1347 1880 est.

277 1930 416 2005 Iudicat
448 1959 534 2010 vero
563 1932 652 2008 haec
681 1935 983 2024 commemoratio,
1010 1931 1184 2031 Apollinis
1222 1952 1346 2018 numen

278 2055 471 2154 praecipua
514 2055 684 2158 religione
728 2053 772 2128 ab
821 2053 1035 2152 Empedocle
1084 2053 1229 2128 cultum
1268 2071 1349 2136 esse,

280 2173 378 2276 quod
403 2175 498 2251 idem
530 2191 708 2252 testantur
740 2177 898 2274 Δελφοοὶο
930 2176 988 2250 illa
1024 2179 1238 2274 οτέμμοοτοο,
1270 2195 1348 2274 quae

279 2291 464 2371 interdum
488 2323 600 2373 manu
623 2297 794 2397 gestabat,
814 2315 850 2372 ct
866 2299 1050 2375 confirmat
1068 2297 1285 2374 Ammonius
1303 2292 1348 2363 di·

221 2423 224 2430 '
281 2441 384 2509 cene,
408 2417 612 2518 Apollinem
635 2420 687 2493 illi
705 2437 881 2522 perpetuo
901 2424 940 2495 in
961 2449 1024 2497 ore
1042 2422 1253 2497 fuisse191.
1289 2416 1349 2492 Nec

281 2538 438 2612 mirum:
469 2540 565 2614 illius
589 2541 648 2616 dei
667 2570 808 2618 numen
832 2543 1017 2619 coluerant
1042 2547 1242 2644 praecipue
1263 2535 1350 2640 prisci

282 2658 334 2733 illi
363 2660 533 2736 Graeciae
560 2677 658 2739 vates
684 2681 721 2740 et
746 2666 859 2744 divini
890 2667 1071 2760 homines,
1098 2667 1164 2769 qui
1195 2657 1350 2764 Apollinis

282 2805 352 2879 cpe
393 2781 519 2858 futura
554 2787 767 2884 portendere
809 2791 975 2892 malaque
1013 2777 1157 2889 expiare
1195 2786 1350 2861 institue-

283 2901 393 3003 bant3
420 2896 579 2982 eundem
606 2923 641 2982 et
669 2910 882 3012 Pythagoras
909 2940 949 2985 ac
973 2912 1183 3016 Pythagorei
1213 2905 1351 2983 maxime

317 3143 389 3212 (189)
404 3141 576 3213 Reliquorum
601 3143 715 3194 carmina
735 3143 812 3211 vulgo
829 3153 906 3208 notra
932 3144 1061 3198 Timothei
1078 3146 1159 3208 νόμος
1170 3180 1178 3211 ,
1189 3143 1301 3212 ’Πέρσαι
1318 3135 1349 3183 ln·

283 3231 411 3301 scriptus,
430 3240 592 3286 memoratur
608 3231 642 3284 ab
659 3232 797 3285 Aristotele
815 3233 914 3287 Poetic.
932 3252 955 3288 c.
973 3253 997 3288 a.

316 3311 389 3390 (⁴190)
405 3323 437 3374 In
459 3321 601 3375 Aristotelia
624 3321 753 3380 Problem.
774 3323 855 3381 XXI.
881 3341 926 3388 aa,
946 3325 993 3377 ubi
1015 3325 1079 3378 citat
1102 3323 1267 3396 Empedoclis
1289 3311 1352 3369 verba

284 3427 352 3484 quae
381 3411 504 3478 leguntur
536 3411 602 3464 inira
632 3426 668 3463 vs.
700 3412 757 3466 208.
803 3412 903 3465 Vitium
932 3412 983 3466 hoc
1011 3414 1125 3467 correxit
1150 3417 1202 3482 jam
1226 3413 1317 3465 Meum·
1334 3401 1355 3450 5¹¹

285 3499 400 3556 chalcio.
427 3518 455 3570 p.
476 3500 539 3563 416,
563 3518 586 3552 ο.
611 3517 633 3554 a.
660 3502 762 3556 Fabric.
784 3503 847 3556 item
867 3504 924 3568 alii,
948 3505 1042 3576 quibus
1067 3502 1168 3558 accedit
1190 3501 1274 3555 Stura·
1288 3512 1311 3566 p·
1324 3485 1354 3542 ⁸⁶·

287 3593 344 3652 Quo
364 3592 444 3658 medi
462 3590 559 3648 miror,
579 3591 650 3644 istud
669 3593 697 3644 in
718 3594 818 3646 recenti
837 3594 982 3664 Aristotelis
1003 3595 1117 3648 editione
1139 3591 1249 3647 Bekkeri
1268 3594 1354 3640 ΝΜ·

287 3683 361 3744 sisae.
382 3697 466 3753 quum
485 3689 574 3736 tamen
596 3681 623 3735 in
645 3683 700 3735 aliis
719 3683 804 3736 minus
823 3684 857 3737 rit
875 3684 1023 3754 religiosus,
1043 3685 1126 3739 vetuti
1146 3682 1263 3754 Metapb.
1286 3674 1318 3732 Ν,
1337 3680 1355 3723 ⁹·

287 3771 334 3825 ubi
353 3769 552 3826 Parmenideum
572 3771 688 3834 dietum,
705 3770 792 3826 inritis
808 3782 835 3828 et
852 3775 998 3830 Aristoteli·
1019 3783 1046 3830 et
1069 3775 1184 3830 Platonis
1196 3781 1231 3842 ¹et
1251 3754 1356 3832 Simplicii

286 3860 373 3920 tum,
399 3877 431 3914 ex
456 3860 602 3916 Heindorfii
626 3866 778 3932 conjectura
804 3867 927 3929 mutarit,
954 3883 1032 3938 quam
1056 3859 1179 3935 redargui
1202 3867 1230 3919 in
1250 3863 1351 3915 Parmen-

288 3970 315 4024 p.
343 3952 397 4021 ι3ο.

322 4043 398 4113 (ῑ91)
414 4041 452 4096 Οἱ
474 4060 552 4114 snpra
573 4062 599 4115 p.
617 4044 649 4098 ao
667 4063 706 4117 sq.
722 4054 777 4099 not
796 4049 836 4100 8ο.
868 4051 985 4103 Annon
1009 4051 1037 4105 in
1061 4053 1166 4106 mittet.
1192 4043 1256 4120 kept
1274 4042 1351 4109 low·

287 4153 315 4209 p.
335 4148 382 4200 ¹72
404 4134 436 4197 B,
458 4131 502 4185 eit.
518 4133 662 4205 Sturriop.
685 4135 723 4199 75.
