2756 4912
418 429 501 476 vrrs
524 429 571 478 nr
593 428 740 482 eronus.
1078 421 1120 486 77

51 621 120 667 ram
144 594 335 694 impendit,
359 611 401 670 ut
421 600 485 673 ista
507 626 528 673 e
549 601 702 699 pulvere
725 617 955 678 eruerentur.
1008 605 1120 679 Multa

52 719 169 810 movit,
195 744 325 817 parum
351 723 539 818 promovit.
591 721 827 798 Mosellius
850 724 927 824 ejus
949 728 1120 826 rogationi

50 839 249 934 obsecutus,
267 844 475 940 praecipuas
499 842 620 917 ltaliae
643 841 873 922 bibliothecas
893 864 1120 948 perscrutan-

50 961 103 1034 das
118 962 280 1056 curavit3
304 962 386 1056 sed,
413 978 453 1037 ut
473 964 576 1040 facile
599 981 806 1066 exspectato
829 985 920 1065 erat,
944 971 1034 1045 nibil
1059 975 1121 1045 in-

52 1086 158 1178 venit,
187 1085 257 1158 nisi
279 1087 469 1188 Aurispam
490 1085 561 1160 tale
584 1086 674 1187 quid
698 1115 771 1164 nou
793 1117 971 1184 narrasse,
993 1092 1121 1168 dixisse
1151 1133 1155 1142 ·

51 1220 184 1280 tanturm
214 1211 271 1284 aci
301 1239 375 1284 riou
405 1219 465 1284 τοῦ
499 1209 761 1307 Ἐμπεδοκλέους
784 1217 866 1286 ²³⁸.
930 1215 1025 1289 Haec
1058 1240 1122 1289 uos

51 1344 211 1423 monent,
243 1356 291 1405 ne
323 1334 469 1406 inanem
502 1359 603 1433 apem
640 1336 846 1428 foveamus,
876 1337 937 1410 sed
965 1341 1123 1440 conteuti

51 1449 150 1524 simus
187 1477 359 1528 versuum
391 1456 552 1557 reliquiis
586 1459 754 1556 quaein
791 1473 958 1534 veterum
987 1459 1123 1557 scriptis

50 1569 217 1670 dispersae
241 1577 488 1676 reperiuntur.

91 1694 229 1770 Horum
262 1723 437 1773 versuum
476 1703 629 1776 maxima
660 1730 761 1802 pars,
796 1717 840 1777 ut
866 1716 1121 1803 argumentum

51 1817 194 1910 iudicat,
223 1817 268 1892 od
299 1819 491 1921 Physica
526 1822 715 1898 referenda
747 1821 820 1917 est3¹
843 1822 1009 1926 plerique
1036 1848 1121 1899 vero

52 1939 141 2015 nullo
181 1939 279 2035 libri,
323 1966 344 2015 e
382 1970 457 2045 quo
498 1944 609 2018 sumti
652 1945 739 2036 siut,
782 1944 913 2019 indicio
952 1947 1120 2021 citantur.

51 2061 107 2134 Sed
130 2060 334 2136 secuudum
357 2063 454 2136 illam
478 2065 645 2138 carminis
668 2066 897 2159 divisionem,
916 2093 1028 2169 quarn
1049 2057 1122 2140 ino·

9 2249 10 2252 ,
52 2181 87 2255 do
115 2185 333 2277 memoravi,
360 2187 574 2286 interpretes
606 2185 806 2287 fragmenta
842 2187 880 2260 in
913 2202 985 2264 tres
1015 2187 1122 2262 libros

52 2304 305 2380 distribuerunt
337 2307 558 2410 singulisque
590 2334 699 2384 suum
728 2307 960 2412 adsignarunt
987 2308 1118 2383 locum.

52 2428 94 2500 lta
112 2430 325 2504 Sturzius
346 2445 383 2506 et
402 2443 481 2531 post
497 2455 599 2523 cum,
618 2431 803 2510 nonnullis
820 2433 981 2522 mutatis,
1003 2435 1120 2506 Lom-

53 2552 322 2626 matzschius
353 2553 448 2626 fecit.
497 2551 566 2626 Sed
593 2551 767 2652 ejusmodi
793 2553 981 2652 descriptio
1007 2581 1119 2655 quam

52 2671 187 2748 difficilis
224 2689 261 2748 et
300 2671 439 2749 lubrica
472 2676 538 2763 sit,
571 2675 609 2745 in
642 2687 786 2773 promtu
821 2687 874 2748 est
909 2675 1117 2776 intelligere.

53 2793 131 2871 Nam
149 2797 330 2897 primum,
348 2799 414 2870 etsi
435 2800 603 2872 universe
624 2794 709 2868 libri
728 2794 906 2895 cujusque
928 2823 1119 2896 argumen-

10 2949 11 2952 ¹
54 2929 121 2993 tum
143 2920 323 3011 norimus,
353 2934 477 2992 tamen
494 2917 731 3018 'singulorum
760 2917 929 2992 terminos
956 2935 1120 2994 accurate

11 3085 13 3132 5
54 3039 188 3116 delinire
216 3040 357 3116 difficile
385 3055 461 3133 est,
489 3055 571 3113 tum
603 3037 716 3113 multa
739 3039 941 3139 fragmenta
964 3043 1121 3116 citantur

11 3169 12 3178 ’
55 3159 212 3262 abrupte,
235 3178 279 3238 ut
305 3163 498 3238 obscurum
527 3161 587 3254 sit,
610 3188 685 3263 quo
706 3185 876 3261 quaeque
894 3163 1120 3262 pertineant3

55 3279 196 3388 denique
214 3284 339 3360 eadem
355 3285 446 3358 dicta
463 3283 684 3382 eaedemque
696 3283 896 3358 sententiae
910 3283 955 3355 ad
967 3282 1122 3356 diversas

11 3425 12 3430 ’
56 3427 144 3506 saepe
175 3434 234 3482 res
266 3406 425 3482 adbiberi
451 3421 621 3506 potuere:
658 3405 823 3505 quocirca
850 3403 1025 3502 ejusmodi
1053 3403 1123 3478 de-

11 3505 12 3510 *
57 3527 180 3625 scriptio
200 3555 274 3603 non
292 3543 407 3628 potest
425 3553 498 3602 non
517 3526 640 3602 multis
657 3524 810 3599 obnoxia
832 3549 907 3600 esse
925 3523 1120 3600 erroribus.

59 3643 151 3722 Plura
168 3651 285 3724 'etiam
307 3649 353 3724 ab
376 3649 444 3724 illis
465 3649 657 3723 manifeste
673 3663 761 3723 suut
783 3660 943 3748 peccata:
968 3646 1124 3746 exempli

59 3769 170 3865 gratia,
183 3775 310 3847 sersus
324 3798 390 3845 211
412 3798 488 3872 sqq.
509 3784 546 3844 et
563 3769 650 3844 alios
668 3769 789 3844 similis
807 3770 1012 3869 argumenti
1026 3770 1124 3842 Stur-

12 3975 14 3984 ,
62 3888 125 3964 zius
142 3892 343 3994 conjecturis
359 3894 403 3968 ad
420 3895 554 3969 librum
570 3893 607 3966 11
622 3891 763 3988 retulit,
776 3917 895 3993 quum
905 3890 1124 3992 Simplicius,

12 4011 13 4052 Ᾰ
62 4013 145 4109 qood
161 4017 265 4093 illum
288 4019 402 4120 fugit,
425 4016 556 4091 diserte
576 4027 743 4107 testetur,
764 4039 826 4090 eos
845 4039 866 4088 e
884 4011 975 4089 libro
996 4013 1014 4086 I
1036 4013 1124 4113 peti·

89 4158 154 4228 (2³8)
169 4161 225 4216 Vrd.
248 4153 333 4216 Stura.
346 4153 459 4238 vllmpcdss
477 4179 502 4230 p.
524 4159 557 4224 76
575 4174 611 4228 sq.
