2756 4912
431 391 467 443 nr
491 393 740 452 snrnnocncrr.
1066 387 1129 452 177

52 561 197 646 corrupti,
227 559 312 624 haud
335 559 461 624 obscure
488 585 560 648 pree
585 585 617 626 sc
636 563 762 634 serunt.
792 585 923 649 quorum
943 565 995 628 alii
1014 566 1130 632 habeut

53 672 205 749 ἒΦωθωίης,
225 667 275 730 alii
295 667 345 750 ἔφ’
366 670 386 751 ᾗ
404 675 506 746 locine,
528 667 578 730 alii
597 668 648 748 ὕφ’
665 673 774 754 dicier·
816 668 969 732 labi-icius
987 693 1058 734 vero
1076 673 1126 736 ed.

53 775 130 857 Μ
151 775 174 841 l'
198 781 272 849 irin,
296 785 449 836 auctorem
469 785 587 836 secutus
607 773 794 858 scaligerum
813 772 852 834 ad
873 775 955 836 Po'e'e.
976 775 1053 838 Phil.
1073 777 1128 860 qui

53 891 144 942 tamen
157 891 261 963 postea
273 901 404 942 errorem
414 899 503 940 suum
513 879 666 962 agnovisse
679 878 810 940 videtur:
826 899 899 940 nam
912 880 946 940 in
958 901 1013 942 ms.
1027 881 1124 965 Leyd.

53 986 176 1046 muarit
190 990 273 1060 δοίης.
315 982 486 1044 Fabricium
506 992 625 1044 secutus
643 992 686 1044 est
707 984 853 1060 Sturzius,
874 983 927 1046 eci
946 984 980 1044 in
998 991 1128 1048 cuncta-v
1197 1011 1202 1020 ·

52 1089 124 1150 tione
142 1089 299 1150 molimen
319 1087 481 1148 lectionem
498 1086 676 1170 suspicatur.
715 1087 767 1171 W
786 1092 871 1172 per,
890 1089 926 1150 ed
940 1089 1002 1170 lege
1015 1107 1039 1150 r.
1054 1109 1127 1150 cort·

53 1195 154 1278 ditione
169 1205 216 1270 ut,
233 1191 283 1254 hic
295 1192 377 1253 idem
391 1191 469 1252 valet
482 1190 564 1274 quod
578 1197 661 1260 ὄπι.
677 1192 716 1252 ci.
731 1191 866 1256 Kiihner.
882 1194 932 1254 Gr.
946 1192 996 1253 Gr.
1009 1191 1031 1276 5
1045 1189 1125 1274 8275

52 1300 79 1361 l'.
92 1300 130 1372 ΙΙ,
144 1319 178 1380 p.
196 1297 267 1358 567.
298 1303 385 1364 „uro
400 1302 476 1374 ὁσίης
489 1295 596 1359 eodem
609 1285 702 1358 modo
714 1297 830 1358 dictum
843 1319 905 1380 quc
918 1303 1012 1380 μιῖζον
1024 1304 1125 1382 λόγον,

53 1407 158 1481 ὖλπΐδος
188 1414 326 1484 κρεῖσσον,
356 1403 471 1466 cimilia.
513 1403 622 1464 Senem
648 1399 740 1486 hujus
765 1400 839 1462 dicti
860 1400 998 1485 religioso
1018 1404 1126 1486 poe'tae
1211 1451 1214 1456 .

54 1511 144 1570 animo
172 1511 285 1594 optime
309 1509 470 1586 convenit5
502 1507 606 1568 similis
626 1517 670 1568 est
688 1505 832 1568 Herodoti
856 1506 960 1588 religio
981 1506 1015 1568 in
1038 1506 1127 1568 relius

53 1612 149 1676 divinis
181 1614 376 1690 enarrandis,
404 1623 440 1674 ut
468 1614 499 1674 L.
526 1613 573 1688 ll,
602 1633 629 1672 c.
655 1610 731 1672 171:
760 1617 978 1688 raimsllicr
997 1640 1043 1694 μοι
1063 1621 1128 1694 oripi

53 1724 167 1800 eloctum
187 1728 300 1796 κείσθω,
320 1731 396 1794 πλὴν
416 1722 477 1788 icor
496 1723 584 1794 αὐτῆς
604 1721 662 1790 irin
683 1721 749 1785 ioci
767 1725 873 1799 Mysas.

87 1827 132 1887 Vs.
154 1825 205 1888 48.
248 1835 350 1906 θέρου
370 1829 455 1900 κτλ.)
494 1825 589 1886 Etiam
610 1822 685 1884 haec
704 1824 852 1884 sententia
870 1843 927 1884 nec
947 1844 1018 1884 curn
1038 1845 1127 1907 prae·

54 1929 221 1992 cedentibus
252 1952 310 1992 nee
337 1945 408 1990 cum
435 1926 629 2013 sequentibus
657 1928 726 1988 satis
753 1926 831 1988 bene
860 1926 1009 1990 cohaeret.
1049 1928 1127 1989 llam

54 2034 130 2116 quale
150 2034 232 2096 illud
252 2046 312 2112 est,
333 2033 417 2118 quod
439 2053 502 2093 uno
521 2031 605 2093 velut
624 2042 728 2092 tenore
745 2053 831 2094 nunc
848 2031 993 2092 modestia
1007 2031 1042 2092 in
1054 2032 1127 2115 phi-

54 2135 235 2221 losophando
257 2150 287 2200 et
307 2139 411 2222 religio
430 2135 617 2212 inculcatur,
637 2157 724 2196 nnnc
744 2135 784 2196 ad
804 2135 981 2196 audendum
995 2135 1127 2218 impelli·

54 2251 110 2318 tur,
129 2265 217 2304 nuuc
236 2263 379 2304 sensuum
398 2241 473 2304 fides
493 2239 703 2322 redarguitur?
734 2240 813 2300 llaec
831 2241 855 2302 si
873 2261 939 2300 non
958 2240 1126 2319 contraria,

55 2347 155 2410 diversa
182 2362 299 2426 tamen;
332 2349 400 2409 ideo
433 2348 554 2432 sejunxi
561 2391 570 2424 ,
604 2327 777 2430 pracsertim
805 2367 901 2430 quum
927 2347 1031 2408 Sextus
1061 2345 1130 2430 pari

55 2453 220 2516 confusione
242 2454 315 2514 alios
337 2473 460 2538 quoque
485 2457 620 2515 veterum
644 2450 728 2511 locos
748 2449 980 2534 perturbaverit,
1008 2460 1044 2512 ut
1058 2452 1126 2535 jam
1187 2521 1192 2536 .

55 2555 81 2614 in
98 2557 265 2620 Parmenid.
288 2558 384 2619 Carm.
406 2539 505 2640 princ.
529 2554 666 2616 vidimus.

87 2669 174 2743 ilorci
193 2662 275 2724 hauc
293 2659 387 2722 habet
406 2661 487 2720 rim:
514 2681 616 2742 sapere
636 2658 730 2720 aude!
752 2657 830 2719 aude
852 2658 934 2741 vulgi
952 2661 1078 2741 gratiam
1099 2670 1130 2722 et

57 2765 198 2849 vulgarem
217 2767 393 2849 opinionem
415 2765 626 2826 contemnere!
650 2763 810 2847 Sequentia
827 2757 917 2824 verba
932 2764 1011 2824 varie
1024 2762 1130 2845 legun·

56 2879 106 2931 tor.
146 2874 253 2934 Sextus
273 2873 315 2932 ita
333 2869 471 2933 exhibet:
494 2877 543 2936 eal
563 2876 634 2938 rire
652 2873 686 2944 δὴ
706 2872 773 2950 σοΦ.
793 2868 843 2936 itr’
860 2875 966 2951 heom
979 2877 1067 2952 θοάζει
1080 2867 1129 2929 vel

57 2982 135 3061 ἰσάζῃ.
175 2979 315 3041 Proolusr
343 2986 394 3043 nei
418 2979 491 3042 reiis
512 2983 563 3053 τῆς
589 3005 615 3044 c.
636 2974 684 3042 ἐπ’
705 2980 765 3054 isc.
792 2979 888 3056 θοάζει.
929 2971 1124 3052 Plutarchum

56 3090 84 3146 rt
103 3090 153 3152 iri
172 3094 226 3152 τοῦ
245 3085 472 3164 Ἐμπεδοκλέους
492 3088 660 3165 λεγόμενον,
682 3081 787 3160 σοφίας
807 3079 854 3145 ic'
874 3083 979 3158 Κκρσισι
997 3084 1126 3159 θαμίζειν.

57 3188 102 3268 qui
114 3201 214 3250 tamen
230 3188 419 3271 Empedoclis
435 3186 524 3248 verba
538 3209 602 3248 non
615 3187 671 3246 nisi
683 3186 810 3267 carptim
822 3196 852 3246 et
861 3182 1032 3246 memoriter
1045 3181 1127 3242 citat.

58 3300 165 3377 isidor,
191 3294 318 3356 verbum
343 3295 513 3376 poeticum,
541 3291 625 3352 haud
646 3289 737 3352 dubie
758 3288 971 3365 retinendum
998 3283 1051 3346 sed
1072 3307 1128 3368 pro

59 3401 193 3478 praesenti
220 3419 322 3460 sensus
342 3397 477 3482 postulat
496 3397 652 3473 futurum,
682 3394 765 3480 quod
783 3397 850 3478 jam
870 3393 1000 3476 Scaliger
1021 3392 1128 3467 sensit,

58 3503 85 3562 in
110 3506 184 3566 notis
213 3504 252 3564 ad
280 3504 384 3564 Poiisin
398 3501 487 3586 phil.
511 3504 661 3585 corrigens
685 3509 804 3577 οοίσειςς
825 3498 906 3559 idem
926 3517 996 3557 vero
1015 3495 1050 3554 in
1070 3516 1126 3555 ms.

58 3605 142 3690 leyd.
159 3609 218 3691 leg.
240 3608 385 3690 proponit
403 3615 491 3692 θοιζε,
534 3605 767 3681 Animadvertit,
788 3603 890 3680 credo,
906 3611 1025 3677 lairere.
1043 3598 1127 3684 q110d

59 3710 141 3773 edidit
158 3714 303 3788 sturmius,
324 3734 492 3796 repugnare
513 3723 608 3774 metro
615 3736 624 3790 3
646 3707 844 3796 quamobrem
864 3707 965 3790 scripsi
986 3713 1127 3782 θοέσσεις,

59 3814 180 3878 omniur
192 3829 226 3880 ut
237 3824 410 3899 αἰχμάσυ,
425 3828 577 3895 nmen,
591 3823 769 3900 Φρίσσομιι,
786 3813 903 3896 aliaque
916 3809 999 3894 apud
1011 3812 1125 3894 po'e'tas.

59 3919 282 4004 Interpretantur
303 3935 405 3986 autem
425 3925 518 3986 illud:
540 3926 574 3985 in
595 3922 728 3984 culmine
748 3919 877 3994 cadelim
901 3915 1039 3977 tribuunt
1059 3914 1129 3999 qui·

60 4021 121 4084 dem
151 4027 237 4090 verbo
266 4029 479 4112 ragueli-auc
509 4025 761 4111 significationem
790 4020 1000 4105 grammatici,
1031 4019 1125 4112 magis

96 4129 144 4190 lll.
966 4124 1003 4183 12
1126 4185 1129 4190 .
