<?xml version="1.0" encoding="UTF-8"?>
<!DOCTYPE html PUBLIC "-//W3C//DTD XHTML 1.0 Transitional//EN"
    "http://www.w3.org/TR/xhtml1/DTD/xhtml1-transitional.dtd">
<html xmlns="http://www.w3.org/1999/xhtml" xml:lang="en" lang="en">
 <head>
  <title>
</title>
<meta http-equiv="Content-Type" content="text/html;charset=utf-8" />
  <meta name='ocr-system' content='tesseract 3.04.00' />
  <meta name='ocr-capabilities' content='ocr_page ocr_carea ocr_par ocr_line ocrx_word'/>
</head>
<body>
  <div class='ocr_page' id='page_1' title='image "./philosophorumgr00karsgoog_0369.png"; bbox 0 0 2796 4914; ppageno 0'>
   <div class='ocr_carea' id='block_1_1' title="bbox 278 413 960 480">
    <p class='ocr_par' dir='ltr' id='par_1_1' title="bbox 278 413 960 480">
     <span class='ocr_line' id='line_1_1' title="bbox 278 413 960 480; baseline 0 -4"><span class='ocrx_word' id='word_1_1' title='bbox 278 413 343 478; x_wconf 78' lang='lat'><strong>368</strong></span> <span class='ocrx_word' id='word_1_2' title='bbox 671 431 720 480; x_wconf 90' lang='lat' dir='ltr'><strong>nn</strong></span> <span class='ocrx_word' id='word_1_3' title='bbox 743 429 960 480; x_wconf 82' lang='lat' dir='ltr'><strong>nurnnocms</strong></span> 
     </span>
    </p>
   </div>
   <div class='ocr_carea' id='block_1_2' title="bbox 202 570 1340 3967">
    <p class='ocr_par' dir='ltr' id='par_1_2' title="bbox 241 570 1336 2518">
     <span class='ocr_line' id='line_1_2' title="bbox 279 570 1332 694; baseline -0.008 -26"><span class='ocrx_word' id='word_1_4' title='bbox 279 570 423 694; x_wconf 69' lang='lat' dir='ltr'><strong>pateimt</strong></span> <span class='ocrx_word' id='word_1_5' title='bbox 451 611 487 671; x_wconf 87' lang='lat' dir='ltr'><strong>et</strong></span> <span class='ocrx_word' id='word_1_6' title='bbox 510 611 583 678; x_wconf 84' lang='lat' dir='ltr'><strong>tam</strong></span> <span class='ocrx_word' id='word_1_7' title='bbox 607 598 646 670; x_wconf 94' lang='lat' dir='ltr'><strong>in</strong></span> <span class='ocrx_word' id='word_1_8' title='bbox 671 623 794 671; x_wconf 91' lang='lat' dir='ltr'><strong>rerum</strong></span> <span class='ocrx_word' id='word_1_9' title='bbox 822 610 951 669; x_wconf 83' lang='lat' dir='ltr'><strong>natura</strong></span> <span class='ocrx_word' id='word_1_10' title='bbox 975 618 1096 693; x_wconf 58' lang='lat' dir='ltr'><strong>quam,</strong></span> <span class='ocrx_word' id='word_1_11' title='bbox 1117 593 1157 663; x_wconf 90' lang='lat' dir='ltr'><strong>in</strong></span> <span class='ocrx_word' id='word_1_12' title='bbox 1187 590 1332 663; x_wconf 84' lang='lat' dir='ltr'><strong>animan·</strong></span> 
     </span>
     <span class='ocr_line' id='line_1_3' title="bbox 277 708 1333 816; baseline -0.009 -25"><span class='ocrx_word' id='word_1_13' title='bbox 277 717 370 791; x_wconf 89' lang='lat' dir='ltr'><strong>tium</strong></span> <span class='ocrx_word' id='word_1_14' title='bbox 395 733 431 792; x_wconf 91' lang='lat' dir='ltr'><strong>et</strong></span> <span class='ocrx_word' id='word_1_15' title='bbox 452 719 643 792; x_wconf 92' lang='lat' dir='ltr'><strong>hominum</strong></span> <span class='ocrx_word' id='word_1_16' title='bbox 664 744 795 816; x_wconf 80' lang='lat' dir='ltr'><strong>genere</strong></span> <span class='ocrx_word' id='word_1_17' title='bbox 817 708 1065 804; x_wconf 82' lang='lat' dir='ltr'><strong>dominentur,</strong></span> <span class='ocrx_word' id='word_1_18' title='bbox 1090 711 1333 786; x_wconf 87' lang='lat' dir='ltr'><strong>consensionem</strong></span> 
     </span>
     <span class='ocr_line' id='line_1_4' title="bbox 279 831 1332 922; baseline -0.009 -12"><span class='ocrx_word' id='word_1_19' title='bbox 279 851 315 912; x_wconf 91' lang='lat' dir='ltr'><strong>et</strong></span> <span class='ocrx_word' id='word_1_20' title='bbox 345 838 610 914; x_wconf 87' lang='lat' dir='ltr'><strong>dissensionem.</strong></span> <span class='ocrx_word' id='word_1_21' title='bbox 662 841 731 914; x_wconf 85' lang='lat' dir='ltr'><strong>Per</strong></span> <span class='ocrx_word' id='word_1_22' title='bbox 764 839 911 913; x_wconf 89' lang='lat' dir='ltr'><strong>alteram</strong></span> <span class='ocrx_word' id='word_1_23' title='bbox 941 836 1078 911; x_wconf 86' lang='lat' dir='ltr'><strong>diversa</strong></span> <span class='ocrx_word' id='word_1_24' title='bbox 1110 833 1280 922; x_wconf 85' lang='lat' dir='ltr'><strong>elementa</strong></span> <span class='ocrx_word' id='word_1_25' title='bbox 1302 831 1332 901; x_wconf 90' lang='lat' dir='ltr'><strong>in</strong></span> 
     </span>
     <span class='ocr_line' id='line_1_5' title="bbox 278 953 1332 1055; baseline -0.006 -25"><span class='ocrx_word' id='word_1_26' title='bbox 278 983 407 1048; x_wconf 54' lang='lat' dir='ltr'><strong>unum,</strong></span> <span class='ocrx_word' id='word_1_27' title='bbox 420 960 627 1050; x_wconf 79' lang='lat' dir='ltr'><strong>coalescere,</strong></span> <span class='ocrx_word' id='word_1_28' title='bbox 645 974 792 1034; x_wconf 86' lang='lat' dir='ltr'><strong>naturas</strong></span> <span class='ocrx_word' id='word_1_29' title='bbox 809 959 902 1034; x_wconf 89' lang='lat' dir='ltr'><strong>bene</strong></span> <span class='ocrx_word' id='word_1_30' title='bbox 920 955 1130 1055; x_wconf 89' lang='lat' dir='ltr'><strong>compositas</strong></span> <span class='ocrx_word' id='word_1_31' title='bbox 1145 969 1221 1027; x_wconf 89' lang='lat' dir='ltr'><strong>tam</strong></span> <span class='ocrx_word' id='word_1_32' title='bbox 1237 953 1332 1026; x_wconf 87' lang='lat' dir='ltr'><strong>animo</strong></span> 
     </span>
     <span class='ocr_line' id='line_1_6' title="bbox 278 1055 1332 1178; baseline -0.008 -26"><span class='ocrx_word' id='word_1_33' title='bbox 278 1105 391 1177; x_wconf 92' lang='lat' dir='ltr'><strong>quam</strong></span> <span class='ocrx_word' id='word_1_34' title='bbox 413 1105 557 1178; x_wconf 89' lang='lat' dir='ltr'><strong>corpore</strong></span> <span class='ocrx_word' id='word_1_35' title='bbox 572 1080 737 1171; x_wconf 85' lang='lat' dir='ltr'><strong>formari,</strong></span> <span class='ocrx_word' id='word_1_36' title='bbox 757 1055 877 1153; x_wconf 81' lang='lat' dir='ltr'><strong>omnia</strong></span> <span class='ocrx_word' id='word_1_37' title='bbox 904 1081 941 1152; x_wconf 95' lang='lat' dir='ltr'><strong>in</strong></span> <span class='ocrx_word' id='word_1_38' title='bbox 964 1077 1125 1152; x_wconf 81' lang='lat' dir='ltr'><strong>ordinem</strong></span> <span class='ocrx_word' id='word_1_39' title='bbox 1143 1074 1268 1171; x_wconf 84' lang='lat' dir='ltr'><strong>redigi,</strong></span> <span class='ocrx_word' id='word_1_40' title='bbox 1285 1071 1332 1144; x_wconf 88' lang='lat' dir='ltr'><strong>de·</strong></span> 
     </span>
     <span class='ocr_line' id='line_1_7' title="bbox 278 1195 1333 1299; baseline -0.009 -26"><span class='ocrx_word' id='word_1_41' title='bbox 278 1201 391 1299; x_wconf 87' lang='lat' dir='ltr'><strong>nique</strong></span> <span class='ocrx_word' id='word_1_42' title='bbox 419 1203 627 1277; x_wconf 84' lang='lat' dir='ltr'><strong>universnm</strong></span> <span class='ocrx_word' id='word_1_43' title='bbox 651 1201 835 1276; x_wconf 89' lang='lat' dir='ltr'><strong>muudum</strong></span> <span class='ocrx_word' id='word_1_44' title='bbox 858 1199 1042 1276; x_wconf 79' lang='lat' dir='ltr'><strong>hemonia</strong></span> <span class='ocrx_word' id='word_1_45' title='bbox 1067 1195 1264 1288; x_wconf 72' lang='lat' dir='ltr'><strong>contineri,</strong></span> <span class='ocrx_word' id='word_1_46' title='bbox 1283 1217 1333 1290; x_wconf 90' lang='lat' dir='ltr'><strong>per</strong></span> 
     </span>
     <span class='ocr_line' id='line_1_8' title="bbox 277 1313 1333 1417; baseline -0.005 -25"><span class='ocrx_word' id='word_1_47' title='bbox 277 1321 422 1394; x_wconf 88' lang='lat' dir='ltr'><strong>alteram</strong></span> <span class='ocrx_word' id='word_1_48' title='bbox 446 1321 584 1397; x_wconf 88' lang='lat' dir='ltr'><strong>diversa</strong></span> <span class='ocrx_word' id='word_1_49' title='bbox 609 1323 702 1397; x_wconf 89' lang='lat' dir='ltr'><strong>inter</strong></span> <span class='ocrx_word' id='word_1_50' title='bbox 725 1350 763 1397; x_wconf 89' lang='lat' dir='ltr'><strong>se</strong></span> <span class='ocrx_word' id='word_1_51' title='bbox 788 1323 955 1415; x_wconf 88' lang='lat' dir='ltr'><strong>alienari,</strong></span> <span class='ocrx_word' id='word_1_52' title='bbox 982 1316 1272 1417; x_wconf 88' lang='lat' dir='ltr'><strong>unumquodque</strong></span> <span class='ocrx_word' id='word_1_53' title='bbox 1291 1313 1333 1387; x_wconf 90' lang='lat' dir='ltr'><strong>soi</strong></span> 
     </span>
     <span class='ocr_line' id='line_1_9' title="bbox 278 1427 1334 1543; baseline -0.007 -29"><span class='ocrx_word' id='word_1_54' title='bbox 278 1427 599 1543; x_wconf 80' lang='lat' dir='ltr'><strong>appetensfugere</strong></span> <span class='ocrx_word' id='word_1_55' title='bbox 622 1443 798 1538; x_wconf 86' lang='lat' dir='ltr'><strong>alterum,</strong></span> <span class='ocrx_word' id='word_1_56' title='bbox 813 1469 940 1526; x_wconf 86' lang='lat' dir='ltr'><strong>¹rerum</strong></span> <span class='ocrx_word' id='word_1_57' title='bbox 965 1453 1182 1514; x_wconf 85' lang='lat' dir='ltr'><strong>concentum</strong></span> <span class='ocrx_word' id='word_1_58' title='bbox 1208 1433 1334 1523; x_wconf 85' lang='lat' dir='ltr'><strong>turbari,</strong></span> 
     </span>
     <span class='ocr_line' id='line_1_10' title="bbox 280 1558 1334 1664; baseline -0.004 -32"><span class='ocrx_word' id='word_1_59' title='bbox 280 1558 494 1638; x_wconf 87' lang='lat' dir='ltr'><strong>universum</strong></span> <span class='ocrx_word' id='word_1_60' title='bbox 515 1564 553 1636; x_wconf 93' lang='lat' dir='ltr'><strong>in</strong></span> <span class='ocrx_word' id='word_1_61' title='bbox 573 1566 746 1664; x_wconf 90' lang='lat' dir='ltr'><strong>oppositas</strong></span> <span class='ocrx_word' id='word_1_62' title='bbox 769 1565 938 1638; x_wconf 86' lang='lat' dir='ltr'><strong>factiones</strong></span> <span class='ocrx_word' id='word_1_63' title='bbox 960 1559 1095 1653; x_wconf 84' lang='lat' dir='ltr'><strong>divelli3</strong></span> <span class='ocrx_word' id='word_1_64' title='bbox 1120 1562 1253 1632; x_wconf 69' lang='lat' dir='ltr'><strong>mutulo</strong></span> <span class='ocrx_word' id='word_1_65' title='bbox 1268 1582 1334 1632; x_wconf 87' lang='lat' dir='ltr'><strong>vero</strong></span> 
     </span>
     <span class='ocr_line' id='line_1_11' title="bbox 278 1679 1336 1786; baseline -0.006 -32"><span class='ocrx_word' id='word_1_66' title='bbox 278 1679 419 1756; x_wconf 83' lang='lat' dir='ltr'><strong>illarum</strong></span> <span class='ocrx_word' id='word_1_67' title='bbox 443 1686 576 1760; x_wconf 83' lang='lat' dir='ltr'><strong>virium</strong></span> <span class='ocrx_word' id='word_1_68' title='bbox 598 1685 735 1786; x_wconf 78' lang='lat' dir='ltr'><strong>actione</strong></span> <span class='ocrx_word' id='word_1_69' title='bbox 756 1711 900 1760; x_wconf 91' lang='lat' dir='ltr'><strong>omnem</strong></span> <span class='ocrx_word' id='word_1_70' title='bbox 923 1707 1047 1758; x_wconf 88' lang='lat' dir='ltr'><strong>rerum</strong></span> <span class='ocrx_word' id='word_1_71' title='bbox 1069 1695 1256 1772; x_wconf 88' lang='lat' dir='ltr'><strong>naturam,</strong></span> <span class='ocrx_word' id='word_1_72' title='bbox 1287 1701 1336 1750; x_wconf 87' lang='lat' dir='ltr'><strong>or-</strong></span> 
     </span>
     <span class='ocr_line' id='line_1_12' title="bbox 277 1799 1336 1906; baseline -0.005 -31"><span class='ocrx_word' id='word_1_73' title='bbox 277 1814 378 1895; x_wconf 91' lang='lat' dir='ltr'><strong>tum,</strong></span> <span class='ocrx_word' id='word_1_74' title='bbox 409 1805 594 1880; x_wconf 89' lang='lat' dir='ltr'><strong>interitum</strong></span> <span class='ocrx_word' id='word_1_75' title='bbox 613 1807 811 1906; x_wconf 63' lang='lat' dir='ltr'><strong>uariasque</strong></span> <span class='ocrx_word' id='word_1_76' title='bbox 858 1805 1073 1880; x_wconf 80' lang='lat' dir='ltr'><strong>mutationes</strong></span> <span class='ocrx_word' id='word_1_77' title='bbox 1118 1799 1224 1876; x_wconf 89' lang='lat' dir='ltr'><strong>effici.</strong></span> <span class='ocrx_word' id='word_1_78' title='bbox 1281 1799 1336 1870; x_wconf 90' lang='lat' dir='ltr'><strong>Has</strong></span> 
     </span>
     <span class='ocr_line' id='line_1_13' title="bbox 277 1920 1336 2024; baseline -0.006 -26"><span class='ocrx_word' id='word_1_79' title='bbox 277 1950 361 2024; x_wconf 83' lang='lat' dir='ltr'><strong>ergo</strong></span> <span class='ocrx_word' id='word_1_80' title='bbox 381 1940 503 2000; x_wconf 88' lang='lat' dir='ltr'><strong>mente</strong></span> <span class='ocrx_word' id='word_1_81' title='bbox 525 1927 724 2004; x_wconf 81' lang='lat' dir='ltr'><strong>informans</strong></span> <span class='ocrx_word' id='word_1_82' title='bbox 745 1941 890 2001; x_wconf 88' lang='lat' dir='ltr'><strong>naturas</strong></span> <span class='ocrx_word' id='word_1_83' title='bbox 912 1928 1015 2001; x_wconf 86' lang='lat' dir='ltr'><strong>finxit</strong></span> <span class='ocrx_word' id='word_1_84' title='bbox 1034 1939 1196 1999; x_wconf 86' lang='lat' dir='ltr'><strong>aeternas</strong></span> <span class='ocrx_word' id='word_1_85' title='bbox 1214 1936 1249 1998; x_wconf 91' lang='lat' dir='ltr'><strong>et</strong></span> <span class='ocrx_word' id='word_1_86' title='bbox 1265 1920 1336 1995; x_wconf 82' lang='lat' dir='ltr'><strong>diri·</strong></span> 
     </span>
     <span class='ocr_line' id='line_1_14' title="bbox 277 2043 1335 2149; baseline -0.005 -30"><span class='ocrx_word' id='word_1_87' title='bbox 277 2071 357 2138; x_wconf 89' lang='lat' dir='ltr'><strong>nas,</strong></span> <span class='ocrx_word' id='word_1_88' title='bbox 391 2047 519 2120; x_wconf 90' lang='lat' dir='ltr'><strong>mundi</strong></span> <span class='ocrx_word' id='word_1_89' title='bbox 547 2046 812 2141; x_wconf 79' lang='lat' dir='ltr'><strong>moderatrices,</strong></span> <span class='ocrx_word' id='word_1_90' title='bbox 846 2073 1002 2149; x_wconf 88' lang='lat' dir='ltr'><strong>quarum</strong></span> <span class='ocrx_word' id='word_1_91' title='bbox 1026 2047 1135 2122; x_wconf 84' lang='lat' dir='ltr'><strong>altera</strong></span> <span class='ocrx_word' id='word_1_92' title='bbox 1159 2043 1335 2118; x_wconf 89' lang='lat' dir='ltr'><strong>cunctain</strong></span> 
     </span>
     <span class='ocr_line' id='line_1_15' title="bbox 241 2163 1335 2270; baseline -0.005 -29"><span class='ocrx_word' id='word_1_93' title='bbox 241 2175 246 2188; x_wconf 91' lang='lat'>&#39;</span> <span class='ocrx_word' id='word_1_94' title='bbox 277 2193 395 2241; x_wconf 89' lang='lat' dir='ltr'><strong>unum</strong></span> <span class='ocrx_word' id='word_1_95' title='bbox 423 2168 663 2270; x_wconf 84' lang='lat' dir='ltr'><strong>divinumque</strong></span> <span class='ocrx_word' id='word_1_96' title='bbox 685 2184 901 2243; x_wconf 80' lang='lat' dir='ltr'><strong>concentum</strong></span> <span class='ocrx_word' id='word_1_97' title='bbox 924 2169 1102 2268; x_wconf 83' lang='lat' dir='ltr'><strong>redigere,</strong></span> <span class='ocrx_word' id='word_1_98' title='bbox 1124 2168 1235 2240; x_wconf 89' lang='lat' dir='ltr'><strong>altera</strong></span> <span class='ocrx_word' id='word_1_99' title='bbox 1255 2163 1335 2237; x_wconf 87' lang='lat' dir='ltr'><strong>dissi·</strong></span> 
     </span>
     <span class='ocr_line' id='line_1_16' title="bbox 272 2277 1336 2394; baseline -0.004 -32"><span class='ocrx_word' id='word_1_100' title='bbox 272 2277 360 2388; x_wconf 80' lang='lat' dir='ltr'><strong>¹pare</strong></span> <span class='ocrx_word' id='word_1_101' title='bbox 388 2305 425 2364; x_wconf 91' lang='lat' dir='ltr'><strong>et</strong></span> <span class='ocrx_word' id='word_1_102' title='bbox 452 2293 490 2364; x_wconf 93' lang='lat' dir='ltr'><strong>in</strong></span> <span class='ocrx_word' id='word_1_103' title='bbox 514 2293 703 2366; x_wconf 88' lang='lat' dir='ltr'><strong>contrarias</strong></span> <span class='ocrx_word' id='word_1_104' title='bbox 728 2306 846 2394; x_wconf 90' lang='lat' dir='ltr'><strong>partes</strong></span> <span class='ocrx_word' id='word_1_105' title='bbox 872 2316 998 2390; x_wconf 88' lang='lat' dir='ltr'><strong>rapere</strong></span> <span class='ocrx_word' id='word_1_106' title='bbox 1019 2289 1175 2383; x_wconf 83' lang='lat' dir='ltr'><strong>nitatur3</strong></span> <span class='ocrx_word' id='word_1_107' title='bbox 1209 2288 1336 2362; x_wconf 85' lang='lat' dir='ltr'><strong>altemn</strong></span> 
     </span>
     <span class='ocr_line' id='line_1_17' title="bbox 276 2400 1336 2518; baseline -0.003 -35"><span class='ocrx_word' id='word_1_108' title='bbox 276 2412 361 2485; x_wconf 86' lang='lat' dir='ltr'><strong>fecit</strong></span> <span class='ocrx_word' id='word_1_109' title='bbox 381 2413 467 2489; x_wconf 86' lang='lat' dir='ltr'><strong>honi</strong></span> <span class='ocrx_word' id='word_1_110' title='bbox 491 2417 666 2518; x_wconf 87' lang='lat' dir='ltr'><strong>rectique,</strong></span> <span class='ocrx_word' id='word_1_111' title='bbox 688 2416 834 2490; x_wconf 87' lang='lat' dir='ltr'><strong>alteram</strong></span> <span class='ocrx_word' id='word_1_112' title='bbox 856 2413 939 2487; x_wconf 92' lang='lat' dir='ltr'><strong>mali</strong></span> <span class='ocrx_word' id='word_1_113' title='bbox 962 2400 1137 2513; x_wconf 87' lang='lat' dir='ltr'><strong>pravique</strong></span> <span class='ocrx_word' id='word_1_114' title='bbox 1159 2426 1336 2487; x_wconf 87' lang='lat' dir='ltr'><strong>auctorem.</strong></span> 
     </span>
    </p>

    <p class='ocr_par' dir='ltr' id='par_1_3' title="bbox 202 2534 1340 3967">
     <span class='ocr_line' id='line_1_18' title="bbox 325 2534 1336 2635; baseline -0.006 -27"><span class='ocrx_word' id='word_1_115' title='bbox 325 2534 529 2633; x_wconf 81' lang='lat' dir='ltr'><strong>Comparari</strong></span> <span class='ocrx_word' id='word_1_116' title='bbox 554 2551 668 2635; x_wconf 86' lang='lat' dir='ltr'><strong>potest</strong></span> <span class='ocrx_word' id='word_1_117' title='bbox 691 2536 758 2610; x_wconf 89' lang='lat' dir='ltr'><strong>hoc</strong></span> <span class='ocrx_word' id='word_1_118' title='bbox 781 2534 1002 2634; x_wconf 84' lang='lat' dir='ltr'><strong>Empedoclis</strong></span> <span class='ocrx_word' id='word_1_119' title='bbox 1029 2535 1201 2632; x_wconf 91' lang='lat' dir='ltr'><strong>placitum</strong></span> <span class='ocrx_word' id='word_1_120' title='bbox 1224 2534 1336 2632; x_wconf 81' lang='lat' dir='ltr'><strong>partim</strong></span> 
     </span>
     <span class='ocr_line' id='line_1_19' title="bbox 279 2654 1340 2738; baseline -0.006 -8"><span class='ocrx_word' id='word_1_121' title='bbox 279 2681 363 2730; x_wconf 93' lang='lat' dir='ltr'><strong>cum</strong></span> <span class='ocrx_word' id='word_1_122' title='bbox 393 2657 583 2731; x_wconf 87' lang='lat' dir='ltr'><strong>Zoroastris</strong></span> <span class='ocrx_word' id='word_1_123' title='bbox 615 2657 774 2732; x_wconf 86' lang='lat' dir='ltr'><strong>doctrina</strong></span> <span class='ocrx_word' id='word_1_124' title='bbox 802 2657 848 2731; x_wconf 90' lang='lat' dir='ltr'><strong>de</strong></span> <span class='ocrx_word' id='word_1_125' title='bbox 868 2656 1015 2730; x_wconf 86' lang='lat' dir='ltr'><strong>duabus</strong></span> <span class='ocrx_word' id='word_1_126' title='bbox 1038 2656 1173 2734; x_wconf 83' lang='lat' dir='ltr'><strong>divinis</strong></span> <span class='ocrx_word' id='word_1_127' title='bbox 1198 2654 1340 2738; x_wconf 88' lang='lat' dir='ltr'><strong>naturis,</strong></span> 
     </span>
     <span class='ocr_line' id='line_1_20' title="bbox 278 2775 1339 2878; baseline -0.005 -29"><span class='ocrx_word' id='word_1_128' title='bbox 278 2776 387 2852; x_wconf 89' lang='lat' dir='ltr'><strong>altero</strong></span> <span class='ocrx_word' id='word_1_129' title='bbox 415 2778 540 2872; x_wconf 89' lang='lat' dir='ltr'><strong>boni,</strong></span> <span class='ocrx_word' id='word_1_130' title='bbox 571 2778 680 2854; x_wconf 87' lang='lat' dir='ltr'><strong>altero</strong></span> <span class='ocrx_word' id='word_1_131' title='bbox 714 2778 817 2854; x_wconf 88' lang='lat' dir='ltr'><strong>mali</strong></span> <span class='ocrx_word' id='word_1_132' title='bbox 841 2779 1078 2878; x_wconf 86' lang='lat' dir='ltr'><strong>principio</strong></span> <span class='ocrx_word' id='word_1_133' title='bbox 1100 2775 1290 2872; x_wconf 85' lang='lat' dir='ltr'><strong>(Ormuado</strong></span> <span class='ocrx_word' id='word_1_134' title='bbox 1310 2787 1339 2845; x_wconf 91' lang='lat' dir='ltr'><strong>et</strong></span> 
     </span>
     <span class='ocr_line' id='line_1_21' title="bbox 277 2895 1338 3001; baseline -0.006 -29"><span class='ocrx_word' id='word_1_135' title='bbox 277 2897 503 3000; x_wconf 82' lang='lat' dir='ltr'><strong>Ahrimano),</strong></span> <span class='ocrx_word' id='word_1_136' title='bbox 521 2914 585 2974; x_wconf 89' lang='lat' dir='ltr'><strong>aut</strong></span> <span class='ocrx_word' id='word_1_137' title='bbox 607 2927 690 2976; x_wconf 92' lang='lat' dir='ltr'><strong>cum</strong></span> <span class='ocrx_word' id='word_1_138' title='bbox 713 2900 817 2974; x_wconf 90' lang='lat' dir='ltr'><strong>simili</strong></span> <span class='ocrx_word' id='word_1_139' title='bbox 838 2900 987 2974; x_wconf 87' lang='lat' dir='ltr'><strong>Manetis</strong></span> <span class='ocrx_word' id='word_1_140' title='bbox 1008 2899 1041 2992; x_wconf 89' lang='lat' dir='ltr'><strong>(a</strong></span> <span class='ocrx_word' id='word_1_141' title='bbox 1061 2895 1338 3001; x_wconf 81' lang='lat' dir='ltr'><strong>quolllanichaei</strong></span> 
     </span>
     <span class='ocr_line' id='line_1_22' title="bbox 202 3017 1338 3124; baseline -0.007 -29"><span class='ocrx_word' id='word_1_142' title='bbox 202 3051 204 3060; x_wconf 59' lang='lat'><strong><em>⁴</em></strong></span> <span class='ocrx_word' id='word_1_143' title='bbox 279 3022 350 3095; x_wconf 79' lang='lat' dir='ltr'><strong>orti</strong></span> <span class='ocrx_word' id='word_1_144' title='bbox 376 3022 476 3120; x_wconf 89' lang='lat' dir='ltr'><strong>sunt)</strong></span> <span class='ocrx_word' id='word_1_145' title='bbox 507 3022 653 3122; x_wconf 87' lang='lat' dir='ltr'><strong>placito,</strong></span> <span class='ocrx_word' id='word_1_146' title='bbox 685 3049 795 3124; x_wconf 89' lang='lat' dir='ltr'><strong>quem</strong></span> <span class='ocrx_word' id='word_1_147' title='bbox 825 3021 1082 3122; x_wconf 88' lang='lat' dir='ltr'><strong>Empedocleae</strong></span> <span class='ocrx_word' id='word_1_148' title='bbox 1114 3017 1338 3118; x_wconf 89' lang='lat' dir='ltr'><strong>philosophiae</strong></span> 
     </span>
     <span class='ocr_line' id='line_1_23' title="bbox 278 3127 1337 3244; baseline -0.011 -22"><span class='ocrx_word' id='word_1_149' title='bbox 278 3141 464 3222; x_wconf 73' lang='lat' dir='ltr'><strong>aemulum</strong></span> <span class='ocrx_word' id='word_1_150' title='bbox 482 3145 628 3244; x_wconf 83' lang='lat' dir='ltr'><strong>quidam</strong></span> <span class='ocrx_word' id='word_1_151' title='bbox 644 3127 915 3244; x_wconf 80' lang='lat' dir='ltr'><strong>putarunt¹⁴¹3</strong></span> <span class='ocrx_word' id='word_1_152' title='bbox 932 3144 1062 3242; x_wconf 90' lang='lat' dir='ltr'><strong>partim</strong></span> <span class='ocrx_word' id='word_1_153' title='bbox 1077 3168 1162 3236; x_wconf 80' lang='lat' dir='ltr'><strong>cum</strong></span> <span class='ocrx_word' id='word_1_154' title='bbox 1178 3142 1337 3215; x_wconf 88' lang='lat' dir='ltr'><strong>seriorum</strong></span> 
     </span>
     <span class='ocr_line' id='line_1_24' title="bbox 277 3261 1338 3362; baseline -0.004 -28"><span class='ocrx_word' id='word_1_155' title='bbox 277 3261 412 3360; x_wconf 89' lang='lat' dir='ltr'><strong>placitis</strong></span> <span class='ocrx_word' id='word_1_156' title='bbox 437 3263 482 3338; x_wconf 91' lang='lat' dir='ltr'><strong>de</strong></span> <span class='ocrx_word' id='word_1_157' title='bbox 508 3279 657 3339; x_wconf 87' lang='lat' dir='ltr'><strong>naturae</strong></span> <span class='ocrx_word' id='word_1_158' title='bbox 681 3266 877 3341; x_wconf 87' lang='lat' dir='ltr'><strong>actionibus</strong></span> <span class='ocrx_word' id='word_1_159' title='bbox 902 3265 1163 3362; x_wconf 86' lang='lat' dir='ltr'><strong>centripeta</strong></span> <span class='ocrx_word' id='word_1_160' title='bbox 1185 3277 1221 3336; x_wconf 88' lang='lat' dir='ltr'><strong>et</strong></span> <span class='ocrx_word' id='word_1_161' title='bbox 1248 3285 1338 3332; x_wconf 88' lang='lat' dir='ltr'><strong>cen·</strong></span> 
     </span>
     <span class='ocr_line' id='line_1_25' title="bbox 279 3383 1337 3488; baseline -0.002 -32"><span class='ocrx_word' id='word_1_162' title='bbox 279 3383 461 3484; x_wconf 89' lang='lat' dir='ltr'><strong>trifuga.</strong></span> <span class='ocrx_word' id='word_1_163' title='bbox 515 3387 579 3458; x_wconf 89' lang='lat' dir='ltr'><strong>Est</strong></span> <span class='ocrx_word' id='word_1_164' title='bbox 611 3389 650 3458; x_wconf 93' lang='lat' dir='ltr'><strong>in</strong></span> <span class='ocrx_word' id='word_1_165' title='bbox 681 3386 740 3461; x_wconf 91' lang='lat' dir='ltr'><strong>illo</strong></span> <span class='ocrx_word' id='word_1_166' title='bbox 772 3389 965 3488; x_wconf 88' lang='lat' dir='ltr'><strong>utriusque</strong></span> <span class='ocrx_word' id='word_1_167' title='bbox 996 3385 1149 3486; x_wconf 85' lang='lat' dir='ltr'><strong>aliquid,</strong></span> <span class='ocrx_word' id='word_1_168' title='bbox 1178 3397 1337 3476; x_wconf 84' lang='lat' dir='ltr'><strong>peutrum</strong></span> 
     </span>
     <span class='ocr_line' id='line_1_26' title="bbox 275 3497 1337 3609; baseline -0.011 -28"><span class='ocrx_word' id='word_1_169' title='bbox 275 3529 361 3581; x_wconf 83' lang='lat' dir='ltr'><strong>vero</strong></span> <span class='ocrx_word' id='word_1_170' title='bbox 390 3505 508 3606; x_wconf 90' lang='lat' dir='ltr'><strong>plane.</strong></span> <span class='ocrx_word' id='word_1_171' title='bbox 570 3506 662 3581; x_wconf 88' lang='lat' dir='ltr'><strong>Nam</strong></span> <span class='ocrx_word' id='word_1_172' title='bbox 693 3535 913 3609; x_wconf 85' lang='lat' dir='ltr'><strong>quamquam</strong></span> <span class='ocrx_word' id='word_1_173' title='bbox 947 3497 1109 3582; x_wconf 86' lang='lat' dir='ltr'><strong>Amicitia</strong></span> <span class='ocrx_word' id='word_1_174' title='bbox 1142 3501 1337 3608; x_wconf 84' lang='lat' dir='ltr'><strong>praesertim</strong></span> 
     </span>
     <span class='ocr_line' id='line_1_27' title="bbox 276 3619 1340 3723; baseline -0.009 -21"><span class='ocrx_word' id='word_1_175' title='bbox 276 3626 380 3722; x_wconf 90' lang='lat' dir='ltr'><strong>boni,</strong></span> <span class='ocrx_word' id='word_1_176' title='bbox 410 3630 587 3704; x_wconf 86' lang='lat' dir='ltr'><strong>Discordia</strong></span> <span class='ocrx_word' id='word_1_177' title='bbox 615 3629 699 3704; x_wconf 90' lang='lat' dir='ltr'><strong>mali</strong></span> <span class='ocrx_word' id='word_1_178' title='bbox 724 3633 768 3704; x_wconf 90' lang='lat' dir='ltr'><strong>sit</strong></span> <span class='ocrx_word' id='word_1_179' title='bbox 794 3629 969 3723; x_wconf 84' lang='lat' dir='ltr'><strong>effectrix,</strong></span> <span class='ocrx_word' id='word_1_180' title='bbox 997 3644 1117 3703; x_wconf 91' lang='lat' dir='ltr'><strong>tamen</strong></span> <span class='ocrx_word' id='word_1_181' title='bbox 1141 3655 1212 3702; x_wconf 93' lang='lat' dir='ltr'><strong>non</strong></span> <span class='ocrx_word' id='word_1_182' title='bbox 1232 3627 1271 3697; x_wconf 93' lang='lat' dir='ltr'><strong>in</strong></span> <span class='ocrx_word' id='word_1_183' title='bbox 1291 3619 1340 3694; x_wconf 87' lang='lat' dir='ltr'><strong>his</strong></span> 
     </span>
     <span class='ocr_line' id='line_1_28' title="bbox 277 3750 1338 3852; baseline -0.005 -30"><span class='ocrx_word' id='word_1_184' title='bbox 277 3750 419 3848; x_wconf 86' lang='lat' dir='ltr'><strong>proprie</strong></span> <span class='ocrx_word' id='word_1_185' title='bbox 450 3752 641 3852; x_wconf 90' lang='lat' dir='ltr'><strong>utriusque</strong></span> <span class='ocrx_word' id='word_1_186' title='bbox 664 3765 829 3827; x_wconf 89' lang='lat' dir='ltr'><strong>naturam</strong></span> <span class='ocrx_word' id='word_1_187' title='bbox 854 3767 891 3828; x_wconf 90' lang='lat' dir='ltr'><strong>et</strong></span> <span class='ocrx_word' id='word_1_188' title='bbox 914 3753 1087 3826; x_wconf 88' lang='lat' dir='ltr'><strong>actionem</strong></span> <span class='ocrx_word' id='word_1_189' title='bbox 1109 3750 1254 3850; x_wconf 82' lang='lat' dir='ltr'><strong>positam</strong></span> <span class='ocrx_word' id='word_1_190' title='bbox 1274 3765 1338 3818; x_wconf 84' lang='lat' dir='ltr'><strong>esse</strong></span> 
     </span>
     <span class='ocr_line' id='line_1_29' title="bbox 277 3869 1340 3967; baseline -0.005 -27"><span class='ocrx_word' id='word_1_191' title='bbox 277 3890 385 3967; x_wconf 87' lang='lat' dir='ltr'><strong>snpra</strong></span> <span class='ocrx_word' id='word_1_192' title='bbox 409 3870 636 3945; x_wconf 86' lang='lat' dir='ltr'><strong>ostendimus.</strong></span> <span class='ocrx_word' id='word_1_193' title='bbox 684 3874 790 3967; x_wconf 89' lang='lat' dir='ltr'><strong>Quod</strong></span> <span class='ocrx_word' id='word_1_194' title='bbox 815 3890 937 3949; x_wconf 86' lang='lat' dir='ltr'><strong>autem</strong></span> <span class='ocrx_word' id='word_1_195' title='bbox 961 3874 1004 3947; x_wconf 89' lang='lat' dir='ltr'><strong>ad</strong></span> <span class='ocrx_word' id='word_1_196' title='bbox 1027 3875 1099 3950; x_wconf 89' lang='lat' dir='ltr'><strong>vim</strong></span> <span class='ocrx_word' id='word_1_197' title='bbox 1122 3869 1340 3966; x_wconf 86' lang='lat' dir='ltr'><strong>centripetam</strong></span> 
     </span>
    </p>
   </div>
   <div class='ocr_carea' id='block_1_3' title="bbox 281 4020 1341 4184">
    <p class='ocr_par' dir='ltr' id='par_1_4' title="bbox 281 4020 1341 4184">
     <span class='ocr_line' id='line_1_30' title="bbox 281 4020 1341 4164; baseline 0.008 -88"><span class='ocrx_word' id='word_1_198' title='bbox 281 4024 385 4164; x_wconf 74' lang='grc' dir='ltr'><strong>5(ιίιι)</strong></span> <span class='ocrx_word' id='word_1_199' title='bbox 400 4026 531 4081; x_wconf 76' lang='lat' dir='ltr'><strong>cedrenus</strong></span> <span class='ocrx_word' id='word_1_200' title='bbox 550 4031 656 4100; x_wconf 77' lang='lat' dir='ltr'><strong>Synops.</strong></span> <span class='ocrx_word' id='word_1_201' title='bbox 676 4031 740 4086; x_wconf 81' lang='lat' dir='ltr'><strong>llist.</strong></span> <span class='ocrx_word' id='word_1_202' title='bbox 757 4033 785 4086; x_wconf 85' lang='lat' dir='ltr'><strong>T.</strong></span> <span class='ocrx_word' id='word_1_203' title='bbox 804 4035 827 4096; x_wconf 85' lang='lat'><strong>1,</strong></span> <span class='ocrx_word' id='word_1_204' title='bbox 842 4049 867 4101; x_wconf 87' lang='lat' dir='ltr'><strong>p.</strong></span> <span class='ocrx_word' id='word_1_205' title='bbox 885 4030 934 4101; x_wconf 74' lang='lat'><strong>²⁵9</strong></span> <span class='ocrx_word' id='word_1_206' title='bbox 949 4031 984 4096; x_wconf 74' lang='lat' dir='ltr'><strong>ll,</strong></span> <span class='ocrx_word' id='word_1_207' title='bbox 1001 4031 1093 4087; x_wconf 85' lang='lat' dir='ltr'><strong>Suidar</strong></span> <span class='ocrx_word' id='word_1_208' title='bbox 1110 4031 1135 4084; x_wconf 92' lang='lat' dir='ltr'><strong>in</strong></span> <span class='ocrx_word' id='word_1_209' title='bbox 1153 4047 1175 4086; x_wconf 83' lang='lat' dir='ltr'><strong>v·</strong></span> <span class='ocrx_word' id='word_1_210' title='bbox 1196 4029 1299 4095; x_wconf 69' lang='grc' dir='ltr'><strong><em>Μάνης·</em></strong></span> <span class='ocrx_word' id='word_1_211' title='bbox 1313 4020 1341 4073; x_wconf 61' lang='lat' dir='ltr'><strong>ef·</strong></span> 
     </span>
     <span class='ocr_line' id='line_1_31' title="bbox 299 4117 482 4184; baseline 0.027 -20"><span class='ocrx_word' id='word_1_212' title='bbox 299 4119 362 4167; x_wconf 78' lang='lat' dir='ltr'><strong>tura.</strong></span> <span class='ocrx_word' id='word_1_213' title='bbox 382 4132 407 4184; x_wconf 86' lang='lat' dir='ltr'><strong>p.</strong></span> <span class='ocrx_word' id='word_1_214' title='bbox 428 4117 482 4181; x_wconf 71' lang='lat'><strong>²³4·</strong></span> 
     </span>
    </p>
   </div>
   <div class='ocr_carea' id='block_1_4' title="bbox 0 0 1402 4914">
    <p class='ocr_par' dir='ltr' id='par_1_5' title="bbox 0 0 1402 4914">
     <span class='ocr_line' id='line_1_32' title="bbox 0 0 1402 4914; baseline 0 0"><span class='ocrx_word' id='word_1_215' title='bbox 0 0 1402 4914; x_wconf 95' lang='lat' dir='ltr'><strong> </strong></span> 
     </span>
    </p>
   </div>
  </div>
 </body>
</html>
