2776 4916
229 368 294 434 248
634 378 918 428 courmursruus

230 557 346 634 lexeru
367 557 466 632 σίρνρα
485 571 542 633 pro
563 549 687 610 acirim
706 547 838 638 dictum,
855 549 958 630 inepta
976 546 1053 606 soret
1071 543 1290 620 circumlocutio,

232 657 381 740 aptissime
396 665 501 715 contra
515 653 553 713 de
567 664 692 715 ostremo
706 657 836 732 corporis
852 651 1006 732 superficie
1020 651 1139 712 dicitur.
1172 650 1290 723 lentari,

231 784 308 826 num
335 759 424 823 verba
447 758 511 840 hoc
529 757 621 820 modo
641 759 732 840 jungi
757 770 898 841 possent:
924 766 976 826 nat
995 764 1065 840 σφιν
1086 762 1166 834 (τοῖς
1189 757 1292 837 σύριγξι)
1372 755 1373 832 3

231 876 350 952 ἕσχασα
372 861 470 946 σέρορα
489 869 538 932 ent
558 873 683 946 στομίοις
704 871 857 946 σέσριννσαι
882 874 998 942 πυκναῖς
1020 867 1105 946 ἅλιξι
1128 871 1206 946 ῥινῶν.
1244 863 1292 921 lloc

135 1014 137 1021 ι
231 973 358 1036 voluisse
385 972 503 1032 videtur
525 968 697 1047 Vatablius,
726 971 799 1032 item
823 969 1013 1032 casaubonus
1036 981 1066 1030 et
1086 969 1229 1044 Sturzius,
1253 967 1293 1049 qui

233 1099 354 1140 comma
375 1098 499 1161 posuere
519 1087 587 1159 post
608 1083 690 1154 ῥινῶν.
731 1074 790 1136 Sed
811 1096 842 1136 rc
861 1075 1021 1159 perpensi,
1038 1074 1161 1136 eaedem
1181 1070 1294 1133 difficul-
1373 1139 1374 1162 .

232 1192 306 1244 tates
331 1192 476 1259 manent,
508 1193 537 1243 et
560 1180 720 1244 verborum
746 1181 930 1241 constructio
954 1179 990 1241 fit
1013 1178 1127 1240 durior.
1170 1177 1294 1256 Quocirca
1373 1167 1374 1208 ³

233 1307 299 1347 non
322 1285 450 1348 dubium
470 1285 603 1362 videtur,
632 1285 706 1370 quin
736 1291 808 1366 iridi
832 1293 931 1366 σέρθρα
952 1283 1002 1345 bic
1024 1284 1061 1344 de
1079 1295 1145 1344 oute
1165 1281 1296 1363 accipien-

234 1389 309 1451 dum
339 1393 391 1469 sit,
414 1393 455 1453 'in
480 1413 540 1476 qua
565 1391 767 1474 explicatione
787 1411 908 1452 mecum
929 1389 1097 1451 consentire
1119 1387 1205 1448 rideo
1223 1387 1296 1446 Lon-

233 1496 432 1573 manchium,
453 1498 507 1580 qui
528 1497 699 1578 germanice
722 1497 934 1579 iuterpretatur
953 1497 1053 1556 letatcr
1073 1495 1165 1556 Rcud
1185 1494 1232 1553 dea
1253 1491 1297 1552 Go-
1374 1483 1375 1550 f

234 1603 350 1678 litotes,
372 1622 402 1684 p.
424 1600 495 1662 293.
528 1601 630 1684 Neque
650 1621 730 1676 vero,
750 1602 885 1684 quamvis
902 1600 1128 1662 contradicant
1145 1599 1199 1660 viri
1216 1595 1296 1667 docti,

233 1705 399 1790 quidquam
420 1705 533 1783 obstat,
551 1705 713 1789 quominus
728 1712 803 1784 ῥινῶν
822 1725 878 1786 pro
894 1704 1036 1788 singulari
1053 1712 1126 1786 ῥινοῦ
1143 1703 1297 1785 accipiatur,

234 1833 331 1894 quum
357 1811 463 1895 reliqui
487 1831 588 1889 casus,
616 1817 695 1891 ρινοὶ,
723 1819 817 1894 ῥινοῖς,
836 1819 937 1891 ῥινοὺς,
959 1812 1076 1894 saepius
1095 1831 1153 1894 pro
1174 1805 1297 1890 singulari

233 1928 427 1999 usurpentur.
458 1916 535 1998 Ergo
554 1914 614 1976 hoc
630 1915 773 1999 exemplo
789 1915 892 1977 licebit
909 1917 999 1978 etiam
1014 1917 1047 1975 iu
1061 1913 1217 1976 Homerico
1227 1932 1298 1973 uersu
1375 1903 1376 1922 ³

235 2021 366 2082 multum
382 2019 555 2104 disceptato,
569 2019 607 2081 ll.
620 2048 651 2096 ς,
672 2021 726 2081 39:
746 2027 898 2103 ἀμβροσίην
914 2029 964 2090 οιαὶ
983 2028 1086 2102 νέκταρ
1103 2025 1208 2103 iiviris
1225 2018 1300 2098 στάξε

235 2129 323 2195 aare
335 2135 450 2208 ῥινῶν,
474 2126 664 2207 interpretari
684 2125 743 2188 11⁰⁰
764 2136 842 2195 ναοὶ
860 2134 939 2208 ῥινοῦ.

275 2237 324 2296 Vs.
346 2231 498 2295 280-282.
540 2236 610 2300 ἔνθεν
635 2233 717 2300 ἔπειθ’
735 2266 777 2281 -
794 2243 882 2302 πάλιν
896 2239 1017 2309 ἔασινοῖ.)
1055 2235 1173 2314 &calip
1193 2227 1299 2294 e‘codd.
1376 2263 1377 2292 ρ

233 2337 392 2400 nonnullis
418 2335 512 2398 edidit
540 2337 662 2398 bekker.
693 2359 749 2419 pro
774 2338 855 2422 vulg.
886 2342 1010 2421 dralEp,
1038 2349 1139 2400 recte:
1169 2348 1213 2399 cst
1236 2335 1302 2396 enirn

149 2524 154 2532 .
234 2444 407 2527 oppositum
433 2443 568 2526 sequenti
592 2448 755 2525 ἀναιροῦσαν.
799 2455 999 2514 αασανίοσοσαν
1023 2445 1127 2527 scripsi
1155 2463 1210 2526 pro
1234 2437 1301 2519 vulg.

233 2557 447 2629 καταβήσεο-αις
480 2547 604 2631 quidam
637 2551 755 2612 codices
783 2551 899 2614 babent
926 2558 1139 2627 „aratores-aa,
1166 2546 1245 2633 quod
1266 2566 1302 2604 re·

236 2657 397 2738 cepissem,
424 2655 483 2716 nisi
511 2653 641 2716 obstaret
667 2668 817 2736 metrum,
844 2658 946 2720 futuro
975 2673 1083 2734 autem·
1106 2666 1238 2739 .βῆσεοαι
1263 2654 1303 2714 hic
1377 2643 1378 2680 ³

233 2783 299 2856 raon
333 2771 396 2821 erat
426 2758 528 2820 locus:
560 2761 693 2822 similiter
709 2763 757 2834 ‚in
787 2785 851 2847 sqq.
883 2787 1004 2848 quoquc
1039 2764 1170 2827 versibus
1208 2762 1303 2844 ubique

234 2887 373 2950 praeseus
399 2866 539 2947 ponitur:
570 2875 604 2925 ut
633 2888 675 2926 vs.
705 2866 782 2944 282,
805 2873 911 2938 ἐναρεῖ.
939 2869 1017 2948 286,
1045 2875 1209 2953 &amem
1239 2866 1303 2939 295,

233 2981 422 3055 κατέρχεται.
463 2973 553 3034 Porro
576 2993 617 3032 vs.
642 2972 702 3034 282
723 2975 832 3058 vulgo,
854 2978 945 3038 etiam
972 2977 1005 3036 in
1029 2979 1154 3040 Beller.
1183 2976 1251 3038 edit.
1268 2972 1304 3032 le·

234 3083 313 3165 gitur
334 3081 400 3146 sira
418 3078 445 3143 δ’
467 3082 646 3160 ἀναθρώσκει.
677 3079 760 3162 quod
784 3083 897 3144 mutavi
921 3083 955 3142 in
979 3089 1151 3165 οἰνανρῶσιιρ,
1177 3079 1305 3168 quemad-

233 3189 360 3250 modum
380 3207 423 3246 vs.
445 3181 506 3244 299
528 3185 585 3266 ipsi
606 3184 695 3246 codd.
715 3197 904 3266 monstrant,
931 3189 1042 3271 pariter
1064 3210 1104 3250 vs.
1126 3188 1187 3250 285
1212 3187 1305 3270 legitur

233 3299 300 3363 circ
320 3340 328 3353 ·
351 3335 360 3353 ·
384 3337 391 3351 .
417 3297 559 3370 βήσσῃσι,
579 3288 661 3349 unde
680 3291 770 3352 etiam
790 3312 831 3353 vs.
853 3291 915 3352 290
935 3314 1006 3354 cum
1033 3294 1137 3377 steph.
1164 3295 1240 3357 soal.
1263 3293 1305 3353 ca-

234 3401 319 3464 saub.
343 3397 423 3460 edidi
441 3400 518 3477 ἕχρ,
545 3415 682 3479 proquo
708 3396 832 3457 Beller.
854 3401 928 3480 ἐ’χει.
969 3400 1036 3460 Nou
1061 3401 1144 3462 euim
1164 3393 1305 3483 probabile

235 3521 291 3586 est,
314 3506 489 3587 scriptorem
505 3503 538 3590 iu
562 3498 672 3560 talibus
695 3512 757 3562 tam
775 3503 997 3566 inconstantem
1019 3505 1127 3582 fuisse,
1149 3502 1306 3587 praesertim

236 3635 307 3675 cum
330 3609 540 3693 subjunctivus
563 3607 662 3666 sensui
685 3607 722 3666 sit
745 3610 981 3670 convenientior.

278 3725 357 3799 σέρον
389 3718 477 3796 αἷμα,
506 3723 540 3773 ul
574 3733 614 3773 vs·
645 3711 723 3789 285,
757 3718 862 3791 ὕδατος
891 3723 970 3797 σέρεν
999 3722 1107 3798 δίμαςς
1137 3721 1205 3802 pari
1232 3735 1307 3778 seusu

237 3849 280 3889 rs.
304 3825 378 3900 105,
400 3830 503 3903 αἰθέρος
522 3823 601 3892 tntis
622 3823 701 3898 ὕψος.
746 3829 824 3903 rapsa
838 3827 925 3906 Σίνρν
944 3824 1063 3886 Homer.
1082 3827 1120 3888 Il.
1143 3855 1183 3908 y,
1211 3823 1265 3886 142
1284 3831 1308 3880 et

239 3929 310 3992 alibi
317 3954 325 4008 3
351 3927 499 4010 siguificat
525 3928 630 4005 molle,
654 3929 818 4008 liquidum,
843 3940 938 3991 tenue.
982 3931 1093 3992 Eodem
1114 3955 1203 3994 seusu
1225 3930 1308 3991 ιοιινίι

238 4035 363 4116 pluvio,
385 4043 470 4093 tenus
492 4034 620 4110 coelum,
643 4019 791 4114 Virgilius.
813 4067 855 4082 -
875 4041 1053 4120 παφλάζων,
1074 4045 1185 4120 ἅρμασι
1208 4047 1309 4120 μαρρρι,
