2768 4910
197 393 199 397 ·
264 379 326 442 tot
658 391 705 436 nn
728 389 944 438 nurnoocms

263 562 323 633 uts
344 556 570 655 generatione
588 554 696 645 dixit,
718 569 761 626 ut
781 553 888 626 tradit
904 551 1079 628 Galenus:
1107 555 1188 623 2²⁶.
1218 551 1235 625 θ
1261 553 1334 647 Ἐμ-

261 678 424 769 πεθοιιλῆι
445 674 648 753 θιεσποίσθοιί
669 681 754 770 φησι
772 675 819 749 vt
847 682 907 746 τοῦ
928 670 1201 770 γεννηθησομένου
1227 677 1334 772 μίμο,

263 805 320 880 aul
349 803 396 878 πθι
427 805 488 896 μεν
516 798 548 874 ἓν
574 799 622 898 τῷ
657 807 714 874 τοῦ
737 796 862 896 ίίρηθενος
886 795 1077 892 σπέρματι,
1103 794 1151 870 σὰ
1176 794 1210 872 θ’
1237 795 1270 872 ἓν
1293 801 1332 896 τῷ

262 931 320 1017 τῆς
349 924 472 1014 θηλείοιι
499 919 724 1022 περιέχεσθαι·
757 921 814 995 νισι)
842 921 941 1007 aelric
973 909 1017 1016 γε
1046 922 1104 1008 τηε
1125 916 1331 1017 Ἀφροδισίου

263 1050 459 1144 συμπλοκῆς
495 1043 634 1121 ἐντεῦθεν
668 1041 816 1143 γίνεσθαι
845 1044 913 1122 τοῖς
943 1038 1032 1135 ζώοις
1062 1044 1116 1131 την
1148 1039 1332 1138 ἐπιθυμίαν,

264 1169 458 1268 θρεγομένων
489 1165 647 1257 ἀλληλοις
679 1163 822 1257 ἑνωθῆνσοι
854 1168 915 1238 τῶν
942 1161 1193 1258 θιεσποισμθνων
1219 1168 1331 1263 μορίων.

263 1293 287 1366 i.
313 1318 345 1367 e.
369 1292 509 1365 »foetas
529 1289 689 1362 membra
710 1288 839 1388 partim
861 1289 900 1357 in
924 1286 1046 1376 maris,
1067 1288 1198 1384 partim
1221 1289 1260 1358 in
1282 1289 1330 1359 fe·

169 1477 171 1488 .
263 1414 382 1485 minae
401 1411 536 1484 semine
559 1411 756 1501 contineri3
779 1408 864 1480 hinc
885 1404 1037 1479 codundi
1060 1406 1281 1480 desiderium
1300 1434 1330 1478 ac

263 1530 560 1605 necessitudinem
581 1530 695 1604 oriri.”
744 1530 824 1602 Jam
846 1530 875 1601 si
898 1542 1128 1626 reputemus,
1156 1527 1330 1626 Empedo-

263 1652 354 1726 clem
374 1675 497 1724 rerum
519 1651 737 1728 naturalium
755 1677 893 1724 caussas
914 1649 958 1722 ab
977 1651 1110 1746 origine
1130 1663 1167 1721 et
1185 1652 1328 1747 primor-

263 1772 329 1846 diis
354 1786 505 1846 naturae
532 1786 694 1870 repetere
723 1772 853 1863 solere,
880 1797 951 1843 non
986 1785 1037 1842 est
1066 1768 1223 1842 dubium
1252 1771 1328 1869 quin

262 1893 456 1992 utriusque
475 1891 579 1966 sextis
603 1908 725 1966 ortum
744 1895 793 1966 ita
815 1893 881 1966 sibi
897 1892 1157 1982 informaverit,
1173 1905 1218 1963 ut
1238 1891 1329 1964 modo

261 2003 440 2112 proposui.
953 2109 957 2118 ι

311 2135 406 2209 Haec
441 2151 494 2211 eat
519 2137 629 2238 igitur
662 2163 835 2213 venereae
857 2137 1058 2237 cupiditatis
1085 2137 1204 2234 origo,
1228 2159 1326 2235 quam

261 2281 366 2355 porro
395 2257 481 2330 aliae
514 2284 661 2359 quoquc
691 2283 746 2330 res
779 2261 927 2332 incitant
953 2272 990 2332 et
1014 2272 1162 2355 augent:
1189 2262 1260 2338 τοῖς
1280 2259 1327 2349 μὲν

163 2389 168 2400 “
262 2376 474 2466 πυκνωθείσης
495 2383 553 2467 τῆς
580 2384 723 2476 τροφῆς,
751 2385 817 2460 τοῖς
846 2378 882 2456 tt
905 2383 962 2470 τῆς
984 2383 1162 2476 εὐμορφίας
1192 2385 1257 2454 τῶν
1275 2406 1327 2477 ην

262 2505 372 2576 νοιιιιιῖν
393 2497 603 2599 ἐπερεθισμθν
626 2511 684 2575 τοῦ
709 2500 935 2600 σπερμοοπιιιοῦ
957 2502 1131 2599 κινημοιτος
1151 2499 1328 2598 ἐμποιησά-

263 2653 342 2715 σης,
370 2636 413 2696 ut
445 2625 615 2722 scriptum
643 2629 760 2698 estin
788 2625 927 2698 Placitis
952 2625 1323 2725 philosophorumffl:

261 2746 414 2846 »partim
442 2743 591 2842 largiore
624 2746 808 2838 alimento,
837 2748 966 2846 partim
990 2745 1174 2818 muliebris
1201 2746 1326 2817 formae

258 2865 429 2940 illecebris
459 2867 602 2940 seminis
635 2868 708 2940 vim
742 2867 912 2940 incitari.²'
961 2867 1190 2964 Utrumque,
1215 2868 1245 2938 si
1266 2889 1325 2936 non

258 2986 376 3060 verbis
396 2987 524 3086 ipsius,
547 3001 583 3059 at
602 2989 797 3061 sentcntiae
818 3000 939 3060 tamen
956 2987 1222 3059 convenienter.
1261 2986 1327 3056 Pos-

221 3173 226 3188 ,
256 3108 367 3181 terius
404 3109 515 3207 tangit
551 3133 698 3207 quoque
731 3107 968 3199 Plutarchus,
1000 3131 1203 3180 memorans
1226 3105 1325 3204 ipsius

255 3228 478 3326 Empedoclis
513 3253 678 3314 versum,
710 3255 782 3329 quo
817 3227 921 3301 dicit:
956 3229 1094 3300 amoris
1117 3226 1328 3298 desr‘deriom

257 3352 472 3444 per'oculoa
496 3349 704 3422 hominibus
727 3352 906 3422 incessere
922 3353 1000 3438 ²²⁸5
1028 3348 1072 3420 ad
1098 3346 1196 3448 quod
1221 3343 1327 3443 expli·

294 3527 367 3593 (arti)
384 3529 471 3590 Galen.
493 3529 526 3582 de
549 3530 615 3582 Seru.
638 3533 684 3587 11,
709 3547 739 3592 73
762 3533 866 3585 tristor.
886 3531 919 3582 de
939 3533 1030 3584 Gener.
1053 3535 1100 3584 An.
1124 3533 1153 3592 1,
1183 3529 1286 3588 18‚1v,
1312 3543 1326 3573 ι.

261 3617 340 3682 (tntu
357 3618 413 3682 cit.)

294 3709 369 3772 (²²7)
386 3706 453 3760 Plut.
469 3708 536 3762 Plac.
553 3710 616 3780 phil.
632 3711 664 3771 V,
684 3711 835 3780 1931Galen.
848 3712 911 3762 Hist.
930 3710 993 3780 phil.
1010 3711 1117 3762 XXXV.

294 3797 367 3860 (συθ)
384 3796 515 3849 Plutarch.
532 3800 579 3860 Qu.
598 3803 656 3854 Nat
674 3801 732 3851 Vol.
749 3802 800 3863 IX,
819 3818 845 3869 p.
863 3801 909 3852 631
927 3801 1014 3855 lleiak.
1030 3802 1078 3852 ναὶ
1093 3805 1125 3851 τὸ
1136 3797 1328 3868 συντρέφεσθαι

263 3887 311 3936 καί
340 3889 583 3956 συναγελάζεσθαι
610 3895 645 3944 τὰ
673 3891 768 3960 θήλεον
791 3902 850 3952 τοῖς
878 3893 1002 3963 ἅῤῥεσιν,
1024 3897 1172 3962 ἀνάμνησιν
1190 3899 1267 3944 ποιεῖ
1282 3890 1329 3938 τῶν

262 3981 427 4048 ἀφροδισίων
448 3988 496 4035 acl
513 3988 726 4040 συνοικισθεῖσαν
746 3990 798 4054 τὴν
816 3987 904 4056 ὄρεξιν
912 4027 922 4053 ,
941 3987 975 4046 ὥς
992 3987 1034 4039 ἐπ’
1054 3988 1204 4056 ἀνθρώπων
1223 3984 1328 4046 'ntra-

509 4059 515 4071 Ι

261 4074 363 4154 δοιιλῆς
382 4077 493 4144 luctator
514 4084 561 4146 (vs.
580 4077 649 4144 256).
