2768 4910
634 369 680 416 DE
704 367 922 416 Emruuoctls

719 815 738 901 a
766 821 817 880 ιτ.

592 1081 640 1142 DE
660 1079 786 1144 RERUM
805 1079 962 1144 NATURA.

289 1263 470 1335 Hactenus
510 1257 813 1332 consideravimus
855 1257 1018 1333 universi
1058 1258 1231 1332 elementa
1272 1271 1300 1332 et

239 1382 342 1480 quasi
358 1381 505 1480 species,
520 1378 689 1478 equibus
708 1379 826 1451 omnia
844 1393 917 1451 tam
938 1377 1098 1451 coelestia
1117 1405 1227 1478 quam
1244 1393 1301 1452 ter·

241 1503 384 1591 restria,
418 1517 490 1574 tam
518 1482 647 1598 supera
675 1527 785 1601 quam
814 1501 929 1574 infera
956 1500 1133 1600 originem
1160 1515 1303 1576 traxere:

240 1626 312 1724 jam
345 1649 364 1693 a
389 1623 569 1720 principiis
593 1622 660 1696 illis
683 1621 932 1698 descendimus
960 1624 1000 1697 in
1031 1605 1184 1701 naturae
1210 1622 1304 1698 offici·

241 1771 344 1836 nam,
378 1756 422 1814 ut
457 1769 660 1830 noscamus,
698 1744 876 1845 quomodo
908 1771 953 1818 ex
984 1744 1052 1818 illis
1077 1741 1226 1819 formata
1250 1746 1306 1817 siut

154 1906 163 1926 ·.
242 1865 374 1955 omnia,
392 1879 607 1938 moveantur
618 1879 653 1938 et
664 1879 897 1966 generentur.
948 1867 993 1938 ln
1004 1893 1079 1967 qua
1091 1865 1305 1964 explicatione

242 2009 366 2074 nemo,
396 1983 533 2081 opinor,
560 1983 720 2086 physices
745 1999 908 2062 veterum
936 2011 1010 2059 uon
1034 1987 1155 2078 rudis,
1178 1984 1306 2060 mirabi-

243 2121 329 2197 tur,
357 2107 386 2178 si
413 2102 592 2205 quaedam
613 2109 931 2182 occurrant.initiis
951 2135 1024 2182 nou
1043 2107 1150 2206 plane
1174 2133 1306 2207 congru·

245 2231 361 2321 entia,
394 2227 491 2329 quod
523 2226 672 2328 quidem
703 2231 829 2322 aetati,
859 2255 932 2331 qua
955 2229 1049 2305 vixit
1072 2228 1306 2326 Empedocles,

245 2350 348 2423 facile
392 2347 684 2422 condonandum.
739 2349 868 2422 Mundi
911 2353 1022 2450 igitur
1062 2349 1307 2424 fabricationem

244 2472 353 2545 talem
381 2473 457 2546 fere
484 2473 522 2544 in
554 2474 711 2546 carmine
746 2470 982 2547 adumbravit.

296 2594 448 2684 »Quum
468 2593 678 2668 discessione
704 2595 812 2685 facta,
835 2593 1010 2668 elementa
1030 2619 1139 2667 suum
1157 2591 1307 2694 quodque

246 2714 368 2786 locum
400 2729 646 2812 occupassent,
678 2716 820 2788 inimica
852 2713 1029 2788 distabant
1057 2739 1136 2786 ase
1158 2713 1307 2796 invicem,

246 2830 312 2907 alia
336 2858 499 2924 sursum,
528 2834 594 2906 alia
619 2834 787 2910 deorsum
811 2850 907 2927 acta,
934 2861 1002 2908 nec
1024 2836 1143 2934 gravia
1171 2860 1253 2908 cum
1270 2830 1307 2902 le·

246 2953 355 3029 vibus
374 2980 442 3027 nec
462 2954 577 3027 mollia
603 2955 688 3029 cum
712 2955 814 3029 duris
838 2954 955 3029 ullum
977 2955 1132 3029 habeant
1154 2977 1307 3028 commer-

246 3078 344 3150 cium
363 3088 393 3146 1.
443 3075 500 3146 Sic
526 3088 669 3166 autem,
691 3077 810 3150 divisis
834 3075 1062 3168 factionibus,
1079 3089 1207 3175 suopte
1227 3085 1307 3146 motu

247 3199 286 3268 in
307 3223 437 3296 gyrum
454 3191 566 3296 (δίνην)
584 3176 918 3295 circumagebantur
933 3209 987 3274 2..
1016 3197 1128 3271 Fatali
1146 3222 1230 3273 vero
1242 3208 1308 3267 tem·

180 3313 182 3318 ’
247 3341 334 3414 pore
365 3319 507 3391 recessit
536 3318 721 3416 paullatim
759 3318 951 3417 Discordia,
986 3320 1133 3396 intravit
1168 3312 1307 3390 Amicit'a

249 3437 484 3539 mediumque
500 3438 595 3514 orbis
610 3441 815 3537 occupavit,
829 3467 903 3541 quo
919 3441 1025 3516 latius
1041 3441 1129 3514 haec
1141 3439 1215 3514 vim
1226 3457 1306 3510 suam
1364 3451 1365 3468 ¹

248 3559 475 3644 extenderet,
510 3587 552 3634 eo
586 3561 726 3661 longius
757 3561 814 3634 illa
850 3562 991 3636 recessit
1017 3576 1053 3635 et
1087 3564 1126 3633 in
1155 3574 1306 3634 extremas

249 3681 394 3772 tandem
428 3681 521 3757 orbis
550 3709 628 3756 oras
659 3682 803 3782 refugit.
828 3679 829 3684 ’
862 3685 965 3775 Quae
1003 3682 1180 3758 Discordia
1212 3675 1307 3753 adhuc

258 3931 260 3937 ,
284 3957 325 4016 (ri
343 3956 400 4007 Vid.
419 3958 523 4026 Empcd.
544 3975 589 4010 vss.
608 3959 701 4024 ‹tt-733
722 3961 753 4012 cf.
774 3969 940 4014 commentar.
964 3979 988 4030 p.
1015 3963 1066 4014 188.

283 4046 325 4108 ta)
343 4044 414 4097 Idem
439 4063 474 4096 vs.
498 4049 549 4098 168.
785 4120 789 4125 ι
902 4060 908 4074 ·
