2768 4910
489 434 734 488 remotorum.
1077 411 1141 474 397

70 627 209 702 veteres
233 608 300 682 hoe
324 604 543 705 Empedoclis
567 603 753 702 placitum,
778 597 822 672 tle
846 625 920 697 quo
944 596 1040 668 locus
1064 621 1144 692 pos·

71 733 163 807 tulat
187 745 228 806 ut
252 729 454 827 diligentius
475 725 675 800 disseratur.

120 973 331 1072 Utrumque
364 967 578 1043 vocabulum
610 966 700 1064 πόροι
729 979 765 1040 et
794 962 952 1062 ἀτοῤῥοτά
980 961 1024 1036 ab
1052 965 1145 1036 Em-

69 1093 217 1193 pedocle
253 1091 318 1164 hac
352 1088 606 1189 significatione
641 1101 856 1187 usurpatum
892 1099 960 1174 est3
992 1083 1145 1158 alterum

70 1215 227 1287 occurrit
249 1213 287 1284 io
312 1212 425 1310 ipsius
446 1209 598 1310 quodam
625 1233 745 1284 versu:
764 1206 895 1284 πάντων
910 1208 989 1282 alo-lv
1006 1203 1147 1302 ἄτεῤῥο-

71 1337 108 1410 al
137 1325 218 1411 ἴστ’
253 1331 401 1433 ἐγένοντο
419 1337 495 1425 ῑθς,
518 1330 670 1406 alterum
703 1357 924 1431 quamquam
959 1330 998 1400 iu
1032 1328 1146 1428 ipsius

71 1454 235 1530 versibus
259 1479 332 1527 non
359 1456 549 1551 repetitur,
576 1467 695 1527 tamen
722 1451 893 1525 tribuitur
917 1452 950 1524 ei
975 1447 1019 1523 ab
1043 1451 1147 1524 Aris-

71 1576 256 1667 totele193
278 1575 362 1649 licet
384 1577 566 1648 interdurn
590 1573 713 1648 eadem
725 1572 799 1646 aliis
808 1598 955 1674 quoque
968 1569 1147 1648 vocabulis

70 1697 327 1795 designaverit,
350 1697 457 1769 altera
489 1698 598 1773 avare
635 1699 708 1771 sive
744 1698 884 1793 erepsit,
915 1694 1023 1768 altera
1052 1695 1150 1767 satae

71 1817 273 1916 appellans,
306 1833 348 1892 ut
378 1821 529 1892 inferius
570 1793 781 1895 videbimus.
817 1816 1038 1918 Empedoclis
1058 1815 1148 1888 illud

72 1940 244 2037 placitum
270 1941 408 2037 primus
437 1941 550 2040 tangit
589 1939 688 2013 Plato
717 1942 756 2013 in
786 1941 932 2014 Socratis
962 1965 1047 2014 cum
1067 1938 1147 2011 Me-

71 2086 168 2132 none
204 2060 389 2160 colloquio,
421 2061 519 2134 uude
549 2077 585 2136 et
618 2087 743 2134 sensus
767 2061 844 2159 ejus
868 2061 1088 2160 cognoscitur
1112 2074 1152 2133 et
1206 2068 1210 2075 '

71 2180 182 2254 simul
216 2181 443 2279 intelligitur,
475 2209 517 2256 eo
546 2197 708 2282 tempore
739 2184 819 2254 satis
848 2196 1080 2280 pervagatum
1107 2180 1150 2251 il·

72 2300 138 2374 lud
176 2303 300 2374 fuisse:
338 2315 374 2378 Σ.
412 2306 536 2380 Οὐκοῦν
566 2305 689 2403 λέγετε
717 2299 924 2400 εἰττσρροάς
961 2331 1049 2383 τινας
1089 2306 1152 2376 τῶν

72 2426 171 2498 ὄντων
198 2424 274 2498 κατ’
298 2423 546 2520 'Eurerloata'a3
579 2437 627 2502 M.
654 2423 789 2524 Σφόδρα
813 2452 866 2524 γε.
916 2436 953 2500 Σ.
982 2427 1045 2499 Kal
1077 2425 1150 2500 τό·

74 2575 194 2644 ρους,
224 2548 266 2628 εἷς
300 2545 354 2628 silc
387 2550 444 2622 ml
475 2545 517 2624 δι’
549 2539 588 2621 ὧν
621 2547 841 2650 αἱιᾶττερῥοτι)
866 2554 1075 2648 παρεόντας
1101 2558 1151 2625 Μ.

73 2667 170 2746 Πάνυ
203 2696 254 2768 γε.
286 2681 323 2745 Σ.
356 2673 420 2744 Kal
450 2673 511 2744 τῶν
542 2669 705 2768 troppau
737 2672 800 2751 elce
828 2675 889 2766 μὲν
925 2672 1153 2769 ἁρμόττειν

73 2790 164 2874 ἐνίοις
192 2795 253 2866 τῶν
282 2793 401 2891 τάρων,
429 2793 493 2874 abac
523 2790 558 2869 δε
590 2790 752 2874 ἐλάττους
777 2792 796 2886 ἢ
818 2795 949 2890 μείζους
978 2789 1075 2888 alvum
1102 2805 1152 2870 M.

65 2909 168 2991 ’Έττι
188 2923 363 2990 ratraw.
413 2916 570 3013 Apparet
588 2914 672 2988 iude
690 2915 941 3013 Empedoclem
960 2919 1152 3006 censuisse,

75 3051 227 3110 naturae
261 3062 406 3133 corpora
439 3036 662 3108 tenuissimas
694 3034 860 3109 exhalare
892 3036 1153 3110 elementorum

74 3157 282 3256 particulas,
295 3173 330 3230 et
342 3159 491 3232 vicissim
505 3155 665 3256 parvulis
681 3157 852 3229 instructa
869 3181 943 3230 esse
961 3155 1153 3248 meatibus,

75 3306 139 3378 per
159 3304 249 3378 quos
273 3293 352 3350 tum
375 3276 521 3350 effluere
545 3291 624 3350 tum
648 3278 781 3350 intrare
802 3275 983 3351 effluentia
1003 3278 1154 3376 possint;

75 3402 137 3474 hos
161 3415 283 3474 autem
307 3426 410 3498 poros
430 3427 495 3498 pro
515 3397 693 3497 cujusque
718 3398 876 3498 corporis
899 3412 1029 3472 natura
1053 3413 1089 3472 et
1109 3399 1154 3471 fi-

76 3551 166 3624 gura
189 3525 228 3595 in
250 3522 323 3596 aliis
345 3525 494 3622 majores
515 3546 608 3613 eses,
635 3520 673 3591 in
696 3520 769 3592 aliis
792 3522 963 3613 minores,
985 3546 1058 3620 quo
1080 3519 1155 3595 fieri

77 3659 118 3718 ut
142 3642 434 3744 unumquodque
461 3668 588 3740 corpus
610 3642 696 3715 tales
719 3655 876 3740 receptet
902 3639 1153 3730 exhalationes,

77 3765 201 3864 quales
230 3765 407 3864 cujusque
440 3763 548 3838 indoli
583 3778 618 3839 et
651 3764 784 3863 figurae
819 3776 1027 3861 congruant.
1085 3761 1158 3835 Hos

108 3949 161 4010 (18)
177 3945 283 4014 Emped.
300 3945 342 3996 Vs.
365 3945 420 4008 267.

109 4043 161 4109 (19)
178 4037 235 4087 vid.
260 4035 368 4088 iuferius
387 4043 442 4086 not.
464 4051 501 4086 aa.
546 4077 554 4104 ,

109 4129 161 4186 (ao)
180 4124 253 4178 Plato
277 4130 345 4180 Men.
363 4143 392 4196 p.
412 4125 443 4189 76
465 4127 491 4178 G.
