2768 4916
246 417 287 478 88
647 435 694 480 nn
717 435 936 482 numeneus

245 605 354 676 turris
376 601 595 701 philosophi,
620 599 712 674 nihil
735 602 833 676 aliud
858 628 934 678 esse
955 603 1101 678 videtur
1130 624 1243 705 qaam
1273 631 1328 679 re-

243 723 376 824 liquiae
394 723 452 798 vel
472 720 597 820 templi
617 724 757 824 antiqui
774 725 850 814 vel,
869 741 911 800 ut
929 726 988 800 alii
1004 740 1151 826 patant,
1164 725 1329 826 speculae

244 873 263 918 a
280 844 411 917 'Gothis
431 843 697 919 Normannisve
717 861 939 941 exstructae,
960 846 1056 922 siem
1076 874 1097 920 e
1123 849 1330 948 peregrina·-

242 983 365 1040 torum
387 964 682 1065 descriptionibus
707 967 870 1042 Sturaius
893 969 1115 1043 docuit101.
1166 969 1238 1044 Sed
1263 983 1329 1042 tcta

242 1088 331 1161 haec
351 1089 518 1192 narratio,
536 1101 573 1162 et
591 1087 814 1187 Empedoclis
830 1091 941 1164 saltus
955 1093 994 1164 iu
1011 1091 1184 1185 Aetnam,
1203 1107 1242 1166 et
1258 1090 1330 1164 ml·

243 1235 328 1285 oeus
349 1207 502 1282 flammis
520 1209 673 1309 ejectus,
693 1209 797 1293 dicax
815 1227 852 1286 et
872 1212 1033 1312 lepidum
1054 1213 1262 1288 Siculorum
1280 1214 1329 1285 iu·

243 1325 391 1432 genium
403 1333 504 1431 sapit.
526 1332 666 1406 Gloriae
681 1359 823 1433 semper
834 1333 969 1410 invidia
986 1361 1103 1412 comes
1121 1337 1210 1426 litit,
1229 1357 1329 1435 prae·

240 1457 362 1528 sertim
383 1452 480 1552 apud
497 1453 659 1526 Graecos.
701 1455 891 1558 Credibile,
912 1457 1138 1556 Empedoclis
1157 1459 1328 1544 inimicos,

242 1579 307 1676 qui
322 1579 450 1652 vivum
471 1575 633 1650 insectati
654 1593 789 1670 essent,
810 1580 919 1652 etiam
941 1581 1073 1653 mortui
1095 1579 1214 1660 famae
1234 1577 1328 1651 haud

240 1700 438 1797 pepercisse
461 1711 497 1772 et
519 1687 627 1772 talem
649 1696 701 1771 illi
722 1702 817 1775 vitae
845 1703 985 1776 exitum
1014 1700 1241 1795 attribuisse,
1258 1725 1327 1800 quo

240 1822 315 1918 ipse
332 1822 399 1893 sual
419 1819 585 1919 superbii
605 1822 645 1894 in
665 1823 817 1894 exitium
837 1824 962 1916 ruisse,
981 1837 1018 1896 et
1034 1823 1092 1896 Dii
1110 1824 1329 1923 majestatem

240 1963 344 2015 suam
358 1941 452 2040 justo
469 1940 642 2040 supplicio
660 1942 729 2016 ulti
744 1968 819 2016 esse
830 1938 1058 2020 riderentur.
1087 1943 1188 2018 Aliae
1201 1946 1329 2017 ferun·

240 2078 302 2137 tur
331 2079 514 2163 praeterea
545 2067 767 2138 narrationes
784 2067 918 2140 minus
947 2067 1065 2140 facete
1086 2066 1327 2165 excogitatae,

240 2202 284 2260 ut
303 2187 390 2261 baec
408 2187 694 2260 Phsvorini102:
719 2187 991 2286 Empedoclem,
1008 2164 1128 2289 quum
1146 2186 1191 2260 ad
1213 2185 1327 2260 solen·

239 2337 325 2386 nem
354 2323 576 2385 conventum
598 2309 784 2382 Messenen
808 2306 1090 2387 vel'Messancm
1116 2309 1327 2397 veheretur,
1374 2367 1375 2370 ,

240 2457 354 2507 curru
389 2430 597 2529 prolapsum
634 2457 757 2503 coxam
782 2432 945 2531 fregisse,
975 2455 1092 2532 coque
1117 2455 1201 2505 cam
1229 2449 1327 2506 mor·-

240 2574 350 2629 tuum
381 2579 477 2642 esse3
507 2555 595 2626 item
619 2551 679 2625 illa
711 2555 883 2626 Demetrii
913 2554 1099 2654 Troezenii
1125 2561 1203 2622 10³:
1243 2573 1327 2626 eum

240 2678 370 2776 laqueo
388 2675 454 2749 sibi
471 2699 598 2749 necem
614 2675 833 2748 conscivisse.
853 2677 961 2767 Quae
976 2673 1121 2750 fabulae
1140 2699 1187 2748 ex
1202 2673 1326 2748 eadem

238 2797 486 2872 maledicentia
520 2811 618 2870 ortae
657 2793 850 2889 videntur,
884 2793 1021 2896 quibus
1056 2807 1100 2866 ut
1134 2793 1326 2866 haberetur

239 2919 340 3022 quod
361 2921 492 3019 opponi
511 2931 644 3017 posset,
668 2916 819 3016 quidam
838 2916 987 3016 aequior
1004 2917 1043 2988 in
1063 2913 1326 3012 Empedoclem,

129 3081 132 3086 ·
238 3042 404 3117 simulato
441 3039 606 3140 Telaugis
650 3041 812 3130 nomine,
855 3050 1083 3112 commentus
1121 3050 1188 3128 est,
1224 3035 1326 3108 illum

239 3167 341 3238 senio'
364 3152 590 3240 vacillantem
622 3163 662 3232 in
685 3187 786 3236 mare
808 3158 1015 3260 prolapsum
1035 3161 1226 3233 evanuisse
1243 3162 1323 3220 ¹¹0⁴.

157 3345 161 3352 .
239 3286 334 3362 Haec
350 3287 466 3385 igitur
495 3285 540 3358 de
563 3282 641 3383 ejus
664 3284 817 3357 interitu
839 3278 991 3354 fabulati
1015 3294 1119 3371 aunt,
1154 3304 1251 3378 quae
1272 3273 1326 3346 hic

273 3455 346 3521 (ror)
363 3455 450 3506 Stura.
462 3467 488 3522 p.
504 3450 549 3503 125
561 3469 600 3522 sq.
617 3459 739 3503 auctores
749 3452 860 3503 afferens
871 3445 995 3503 ll’Orvill.
1007 3448 1084 3500 sicot
1094 3464 1118 3498 c.
1134 3447 1178 3506 14,
1192 3453 1221 3497 et
1232 3437 1325 3496 carreis

239 3544 325 3596 Briefe
336 3545 402 3596 iiber
413 3543 549 3595 Calabrien
562 3560 587 3592 u.
599 3542 711 3604 siciliae,
721 3543 749 3592 t.
762 3544 799 3592 lt.
811 3543 858 3609 Ep.
871 3555 910 3592 aa.

274 3637 347 3705 (roa)
364 3633 439 3703 Apud
448 3627 521 3698 Diog.
530 3633 594 3686 ibid.
606 3649 627 3684 s.
638 3633 684 3696 733
694 3625 806 3700 llcsyalr.
816 3630 897 3684 ldilea
910 3631 928 3682 l.
939 3631 956 3682 l.
968 3629 1065 3681 neoc.
1078 3645 1103 3697 p.
1116 3637 1169 3690 act.
1178 3627 1324 3690 Μεσσήνην

239 3724 282 3776 alii
299 3725 443 3775 Messanam
460 3723 487 3774 in
499 3718 599 3786 Sicilia,
615 3705 659 3773 alii
669 3724 804 3776 Messenen
816 3723 844 3772 in
857 3721 1037 3790 Peloponneso
1051 3717 1206 3784 intelligunt.
1242 3708 1323 3767 credo

238 3813 310 3865 illam
322 3813 473 3880 siguificari3
486 3829 545 3865 nam
556 3825 715 3883 quamquam
726 3813 754 3863 in
766 3813 946 3881 Peloponneso
958 3816 1133 3862 commeantes
1145 3815 1186 3860 eat
1197 3799 1322 3878 Empcdtt·

239 3905 301 3967 cles,
318 3913 404 3956 tamen
418 3903 503 3954 Sicilia
515 3904 670 3973 praesertim
681 3902 749 3954 idias
759 3903 856 3968 gloriae
868 3900 1002 3954 theatrum
1015 3899 1074 3952 late.
1117 3962 1120 3967 ,

274 3993 348 4061 (rod)
367 3993 474 4059 Diogen.
484 3993 544 4044 ibid.
558 4010 577 4045 s.
595 3994 634 4056 74.
645 3993 752 4063 Scripsit
763 3993 813 4044 hoc
824 3992 973 4042 Demetrius
983 3991 1010 4042 iu
1020 3991 1088 4041 libto
1103 3993 1174 4042 accc
1184 3985 1321 4052 cmmoda

238 4085 292 4156 qui,
308 4093 337 4135 ut
349 4082 441 4135 titulus
453 4083 563 4140 indicat,
577 4085 682 4136 minime
696 4085 722 4134 in
734 4082 838 4135 laudem
851 4081 996 4148 sapientum
1010 4080 1060 4134 suit
1072 4083 1237 4150 compositas.

272 4175 345 4240 (rol)
363 4173 419 4225 vid.
440 4190 517 4241 supra
536 4182 590 4224 not.
611 4172 635 4223 5.
