2756 4912
498 339 672 392 cmm.

83 523 173 586 terra
194 522 381 588 terrenum
407 519 514 609 auget
537 529 685 606 oorpus,
710 509 830 582 aerem
854 511 925 582 aer.

87 998 183 1100 Aqua
203 1021 288 1072 cum
313 998 399 1076 vino
421 993 561 1072 facilius
583 1018 621 1068 se
644 991 840 1089 consociat,
866 993 929 1070 sed
955 1019 1041 1070 eum
1064 993 1140 1070 oleo
1164 1029 1166 1034 ·

89 1121 219 1196 miso'eri
240 1145 315 1194 nou
335 1117 427 1197 vult.
515 1125 520 1142 '

16 2091 77 2190 ³75·
89 2094 295 2170 Sicanimam
303 2093 686 2196 dummtreddunlque
694 2097 823 2172 omnia:
834 2098 1002 2174 omnibus
1010 2117 1207 2196 exsangues

87 2221 189 2294 carnis
207 2219 346 2295 fistulae
369 2247 556 2297 summum
577 2247 644 2320 per
665 2247 795 2322 corpus
815 2219 989 2314 tendunt,
1173 2319 1176 2334 Ι

87 2367 232 2440 quarum
254 2342 298 2416 ad
320 2341 434 2418 oscilla
457 2341 589 2416 crebris
610 2342 845 2419 foraminibus
866 2342 1043 2419 terebrata
1061 2355 1114 2417 est

22 2461 25 2468 ’
87 2463 219 2559 penitus
240 2463 333 2538 culis
355 2464 574 2562 superficies,
595 2467 644 2538 ita
665 2477 710 2539 ut
737 2491 904 2541 cruorem
927 2463 1077 2566 quidem

88 2583 277 2680 oobibeant,
301 2584 378 2660 oiri
401 2611 487 2664 vero
509 2587 620 2663 facilis
641 2587 700 2665 via
721 2612 787 2685 per
812 2599 952 2662 meatus
973 2599 1102 2688 pateat.

20 2698 176 2779 alollinc
197 2734 304 2807 porro
324 2733 444 2809 quum
466 2707 647 2784 resiluerit
666 2708 788 2784 tenuis
809 2707 971 2808 sanguis,

86 2828 136 2898 air
158 2827 304 2906 fervens
325 2826 484 2902 illabitur
509 2831 578 2902 cilo
604 2835 762 2930 impetu3

86 2971 189 3046 quum
210 2975 298 3026 vero
315 2948 535 3049 prosiluerit,
556 2976 686 3026 rursus
706 2947 862 3050 exspirat
880 2956 952 3025 air.
1004 2949 1058 3026 Ut
1072 2949 1204 3052 puella,

86 3066 255 3174 clepsydris
278 3068 410 3146 ludens
432 3070 603 3172 fulgentis
630 3070 740 3167 aeris,

90 3214 195 3287 quum
221 3189 303 3267 tubi
324 3217 362 3266 os
383 3216 497 3267 manu
520 3195 675 3270 venusta
696 3192 860 3268 clausum
882 3206 1009 3271 tenens

23 3299 288 3386 ²85.immerserit
307 3340 371 3390 vas
391 3310 431 3385 in
451 3311 596 3386 mollem
617 3328 804 3413 argenteae
827 3341 943 3417 aquae
962 3315 1156 3418 liquorem,

87 3426 218 3531 lympha
238 3432 389 3535 quidem
410 3435 450 3506 iu
470 3435 591 3533 ipsum
616 3460 691 3508 uon
711 3436 837 3530 intrat,
867 3435 930 3512 sed
949 3451 1046 3512 arcet
1066 3463 1147 3514 eum

88 3552 166 3626 airis
185 3553 295 3628 moles
317 3555 534 3630 intrinsecus
554 3552 688 3629 crebris
706 3556 943 3633 foraminibus
962 3558 1111 3662 allapsa;

91 3667 191 3746 donec
214 3701 329 3750 manu
349 3675 489 3750 emittat
509 3673 664 3750 densum
687 3678 778 3752 ae'ris
798 3676 962 3768 fluxum3
983 3693 1066 3756 tum
1088 3707 1173 3761 vero

24 3929 90 4080 llil
100 3935 210 4098 :pbappa
226 3929 282 4002 ὅδε
304 3945 334 4002 δ’
355 3947 475 4003 ἀναπνεῖ
489 3974 525 3990 -
540 3939 601 4002 ἴσον
619 3945 742 4016 ὀπίσσω.)
775 3945 924 4004 lmrooeles
939 3949 973 4004 de
989 3949 1116 4024 bespirst.
1134 3967 1157 4005 c.
1175 3966 1205 4019 7,
