2796 4914
244 387 308 450 288
372 373 375 382 “
649 399 930 450 conunurnurus
997 373 1000 378 ’
1101 419 1109 431 ·
1224 411 1227 422 =

243 576 276 644 δὴ
305 578 458 648 κυάμους
485 577 525 634 ria
551 573 598 632 siis
623 572 670 634 δοδι
695 580 748 640 'ris
769 575 897 643 adnm
923 574 1121 647 alssrrsulsm
1142 576 1198 636 riis
1215 577 1312 654 ἆυδςδο.

107 752 113 760 ¹
244 677 325 738 llaec
343 673 550 756 interpretatio
569 694 587 734 a
606 683 709 733 nostra
728 691 838 754 parum
857 673 1023 758 discrepat,
1051 674 1200 758 siquidem
1222 679 1316 738 testi-

246 781 324 842 culi
338 790 368 840 et
381 777 494 840 ovain
508 775 568 838 hoc
580 777 689 840 similia
702 790 782 858 sunt,
795 778 879 864 quod
887 789 1051 863 utrumque
1059 779 1136 841 vitae
1145 783 1315 865 principium

246 885 417 959 contineat,
446 893 477 943 et
503 893 666 967 utrumque
693 883 860 967 symbolice
886 895 1066 967 usurpatum
1093 885 1141 946 sit.
1183 888 1221 946 In
1242 908 1316 949 versu

247 999 348 1050 autern
364 987 476 1066 hocce,
490 990 552 1055 'leis
571 1017 617 1060 ess
633 999 757 1071 xvdpove
774 996 827 1062 tot.
849 995 983 1073 κεφαλάς
996 1017 1031 1058 rs
1045 1018 1107 1059 οοκ.
1122 993 1303 1054 manifestum
1308 1039 1316 1070 ,

248 1106 372 1176 οουίμους
390 1117 449 1157 esse
468 1095 573 1157 vitae
593 1095 785 1180 symbolum,
800 1097 927 1181 quando
948 1097 1105 1159 comedere
1126 1119 1176 1158 eos
1194 1097 1272 1159 idem
1289 1097 1319 1158 sit
1393 1153 1394 1156 ,

248 1213 338 1287 atque
356 1193 473 1285 paren
481 1211 493 1261 t
501 1223 559 1262 um
579 1203 679 1284 capita
692 1223 745 1262 seu
755 1202 848 1262 vitam
861 1201 996 1285 perdere.
1022 1203 1107 1264 Idem
1121 1224 1220 1264 versus
1231 1202 1319 1286 aliqua

216 1375 218 1380 ,
248 1307 387 1368 lectionis
407 1307 545 1368 varietate
565 1328 584 1367 a
604 1306 707 1368 multis
727 1318 763 1367 ut
785 1306 935 1390 Orphicus
957 1307 1005 1368 vel
1028 1306 1247 1390 Pythagoricus
1266 1329 1320 1368 me-

250 1421 399 1472 moratur:
421 1431 439 1471 a
459 1410 611 1472 Clemente
630 1409 716 1472 Alex.
739 1411 887 1494 Didymo,
906 1410 1062 1474 Athenaeo
1082 1412 1143 1494 (ΙΙ,
1162 1434 1194 1494 p.
1209 1412 1250 1473 65
1267 1411 1321 1493 R),

250 1515 421 1595 Eustathi03
443 1514 575 1578 eundem
595 1526 727 1599 tangunt
748 1516 993 1599 Chrysostomus,
1016 1518 1123 1578 citatus
1144 1518 1182 1578 ad
1203 1540 1245 1581 vs.
1262 1517 1321 1591 ³80,

251 1644 285 1704 p.
306 1621 382 1699 2745
404 1619 560 1704 Gregorius
580 1622 649 1682 llas.
687 1623 794 1683 Sextus
814 1623 928 1706 Empir.
950 1623 1120 1701 Lucienus,
1147 1625 1222 1684 locis
1248 1642 1325 1704 supra
1393 1683 1394 1687 ,

252 1727 402 1789 indicatis.
443 1728 567 1809 Propter
594 1728 660 1810 ejus
686 1726 914 1788 similitudinem
949 1749 1021 1789 cum
1052 1727 1255 1812 Empedocleo
1279 1725 1325 1787 illo

252 1855 355 1909 versu,
373 1832 504 1896 Sturrius
521 1831 631 1915 aliique
651 1829 873 1916 huncquoque
889 1832 947 1916 ipsi
962 1832 1140 1915 Empedocli
1156 1831 1325 1895 tribuerunt.
1392 1877 1394 1902 ς

254 1937 344 2015 Quod
366 1938 390 1998 si
415 1938 457 1999 ita
482 1946 570 2012 esset,
595 1935 771 1998 mirandum
793 1959 883 2014 sane,
908 1959 947 2000 ex
971 1949 1017 1999 tot
1039 1939 1163 1999 testibus
1183 1938 1326 1999 nemiuem

253 2053 388 2104 veterum
412 2040 519 2102 diserte
546 2041 661 2103 auctori
690 2063 745 2102 suo
768 2041 945 2105 vindicasse.
993 2043 1096 2126 Neque
1124 2063 1195 2104 vers
1221 2053 1327 2115 tutum,

255 2149 359 2210 omnia
389 2143 595 2231 Empedocleis
622 2145 732 2208 similia
760 2146 834 2208 huic
862 2147 1027 2211 vindicare.
1076 2148 1177 2210 Potius
1203 2145 1329 2220 credam,
1393 2211 1394 2214 ,

255 2254 372 2318 dictum
391 2251 490 2329 istud,
513 2251 547 2312 in
567 2251 716 2334 mysteriis
734 2262 798 2312 tam
816 2252 878 2314 late
898 2252 1089 2335 divagatum,
1115 2273 1234 2313 sacrum
1253 2251 1330 2312 fuisse
1393 2301 1394 2330 3

255 2369 468 2444 praeceptum,
487 2363 556 2440 ἱερου
572 2362 675 2438 λόγου,
698 2369 733 2418 ut
752 2356 924 2420 Eustathius
942 2368 972 2419 et
988 2359 1148 2419 Pausanias
1169 2357 1268 2440 (Vlll,
1288 2353 1330 2435 15)

257 2463 429 2547 appellant,
451 2463 539 2546 cujus
561 2463 628 2545 quis
650 2459 755 2522 auctor
774 2461 880 2540 luerit,
897 2463 964 2545 jam
984 2463 1150 2545 antiquitus
1170 2463 1331 2545 ignoratum

258 2571 306 2630 sit.
344 2569 504 2649 Perperam
532 2575 633 2632 autem
658 2566 790 2626 Sturaius
813 2566 904 2628 istum
925 2574 994 2648 lepis
1013 2574 1104 2649 λόγου
1121 2565 1265 2648 intelligit
1284 2585 1333 2624 no-

257 2684 325 2736 tum
336 2671 397 2732 hoc
410 2669 498 2732 titulo
513 2690 649 2748 carmen,
663 2669 857 2753 Pythagoreis
870 2670 916 2732 sel
931 2670 1067 2755 Orphicis
1078 2670 1244 2748 tributum
1258 2668 1332 2754 quod

255 2780 325 2860 jure
345 2773 539 2858 reprehendit
557 2773 686 2836 hohcch.
707 2773 855 2858 Aglaoph.
878 2797 910 2860 p.
935 2776 1006 2838 252.
1392 2827 1393 2830 ,

300 2884 350 2944 Vs.
371 2878 442 2942 419.
483 2883 593 2961 illisne
619 2883 652 2959 Φ.
681 2885 738 2948 ἄπο
760 2890 855 2962 261⁴ae.
877 2885 1000 2963 ἔχεσθε.)
1040 2883 1166 2944 Versum
1188 2879 1274 2942 hunc
1294 2878 1333 2938 rel
1392 2929 1393 2932 ,

259 2989 361 3072 potius
381 2986 481 3049 versus
500 2995 618 3069 purtem
637 2985 727 3046 elicui
751 3007 791 3047 ex
811 2987 858 3050 his
879 2986 1033 3051 Plutarchi
1055 2986 1168 3049 verbis:
1192 2991 1224 3052 οὔ
1243 2993 1340 3066 μόνης.
1392 3033 1393 3048 .

260 3105 299 3171 ὥς
317 3099 408 3170 heus.
428 3093 497 3161 κου’
519 3091 721 3172 Ἐμπεδοκλέα
746 3102 812 3172 τῆς
833 3096 972 3171 idduae
995 3107 1064 3162 οὕυ
1090 3098 1247 3174 Φύλλυυ
1275 3098 1334 3158 διεδ
1392 3137 1393 3170 3

261 3211 416 3282 πέμπον
444 3203 598 3282 ’σ’χοοδοοο
630 3207 702 3282 χρή,
734 3216 804 3269 κτλ.
848 3201 979 3262 Sturzius
1010 3200 1083 3262 inde
1116 3200 1202 3262 hunc
1227 3218 1336 3262 versum

262 3307 379 3370 effecit:

385 3425 443 3496 xpi
464 3420 515 3489 elic
535 3416 645 3494 δίψους
664 3421 721 3480 nois
742 3413 863 3494 Φύλλυν
883 3417 940 3479 tes
960 3421 1082 3492 πέμπον
1098 3417 1226 3493 ἔχεσθαι.

263 3519 351 3582 llaud
371 3539 531 3580 numerose
549 3520 636 3579 sane!
678 3518 799 3580 Lauro
821 3539 949 3601 magnus
969 3516 1068 3580 honos
1086 3517 1273 3600 abantiquis
1292 3514 1339 3576 hs-

263 3605 360 3701 binis,
386 3645 459 3687 cum
478 3619 551 3684 alias
573 3621 613 3682 oh
634 3643 769 3700 caussas,
792 3634 859 3684 turn
886 3622 957 3705 quia
979 3623 1012 3682 in
1036 3645 1073 3684 ea
1091 3624 1183 3685 inesse
1205 3617 1341 3682 credeha·
1391 3649 1392 3718 3

264 3743 315 3794 tur
338 3729 495 3794 divinandi
518 3729 576 3806 vis,
608 3738 642 3790 ut
667 3749 757 3812 supra
780 3729 819 3791 ad
846 3749 890 3790 vs.
914 3724 976 3790 ³82
1002 3727 1119 3789 monui.
1161 3727 1238 3786 llinc
1264 3721 1392 3810 quod3

265 3836 450 3906 vaticinandi
470 3835 646 3898 facultatem
669 3833 850 3896 mandendis
868 3833 946 3894 lauri
965 3832 1044 3894 loliis
1063 3832 1165 3915 angeri
1186 3829 1340 3915 putabant.
1391 3821 1392 3870 l

266 3941 336 4003 Vid·
366 3943 499 4004 Creuzer·
524 3939 663 4027 Symhol.
685 3941 751 4001 vot.
777 3941 826 4017 ll,
848 3962 878 4025 p.
906 3939 966 4002 162
991 3949 1056 4000 noc
1106 3933 1343 4022 Eospectaverit

267 4047 354 4110 iacile
373 4045 433 4114 hrt
451 4045 641 4131 Empedoclis
659 4057 871 4129 praeceptum,
891 4067 953 4131 quo
971 4069 990 4108 a
1009 4045 1087 4106 lauri
1105 4043 1184 4106 loliis
1203 4041 1343 4104 abstinere
