2768 4916
264 413 302 474 16
654 424 702 472 na
726 423 945 472 nnrnoocnrs

259 617 433 694 pauperes
452 589 653 683 liberalem,
672 619 783 694 quam
806 591 977 670 adversus
996 599 1158 690 potentes
1177 567 1336 667 severum

258 713 421 790 ostendit.
474 706 529 790 Ex
562 711 689 814 opibus
717 742 736 787 a
759 729 860 813 patre
884 707 935 786 illi
956 711 1087 788 relictis
1114 711 1247 786 multas
1267 716 1338 787 vir-

161 876 167 892 ·
257 839 370 938 gipes,
391 861 485 937 quae
502 849 650 935 propter
667 849 916 936 paupertatem
937 833 1077 910 nubere
1098 813 1172 910 non
1186 851 1338 935 ponent,

256 958 399 1033 dotibus
421 957 513 1032 datis
527 957 716 1035 ‚collocavit
745 967 803 1029 ³⁹.
853 958 1050 1055 Praecipue
1074 981 1160 1033 vero
1186 957 1337 1058 popula-

257 1105 334 1176 rem
358 1105 395 1154 se
417 1077 570 1153 reddidit
586 1078 654 1152 hoc
674 1079 784 1170 facto,
806 1075 904 1178 quod
923 1091 966 1152 ut
982 1079 1151 1154 Timaeus
1167 1080 1337 1169 narravit,

257 1205 402 1304 initium
417 1204 451 1275 ei
466 1201 700 1299 capessendae
721 1203 810 1300 reip.
831 1200 912 1275 fuit.
962 1201 1090 1292 Quum
1113 1229 1134 1273 a
1156 1205 1358 1301 magistra-'

256 1340 299 1398 tu
322 1321 477 1430 quodam
490 1323 579 1416 datad
597 1352 682 1404 raros
700 1328 762 1398 τῶν
781 1322 965 1423 dixisses)
986 1322 1030 1418 ad
1048 1323 1261 1400 convivium
1283 1325 1338 1395 in-

257 1449 388 1523 vitatus
403 1445 455 1542 (in
470 1445 645 1521 conviviis
660 1447 812 1521 Graecos
826 1470 930 1544 saepe
945 1469 1002 1518 res
1020 1444 1182 1543 publicas
1200 1448 1337 1545 agitasse

256 1583 385 1643 notum
409 1567 477 1668 est)
502 1592 544 1641 eo
569 1569 746 1660 venisset,
778 1583 936 1643 cessante
959 1592 1086 1661 coena,
1107 1565 1335 1668 Empedocles
1363 1569 1364 1572 ’

256 1691 292 1762 id
325 1714 430 1788 aegre
462 1689 570 1782 tulit3
606 1687 792 1764 excusavit
820 1703 944 1763 autem
977 1689 1167 1780 dominus,
1201 1688 1335 1776 dicens,

256 1813 389 1912 publici
407 1809 544 1884 consilii
563 1810 768 1882 ministrum
785 1811 855 1904 (rba
872 1817 931 1901 τῆς
949 1811 1074 1905 βουλῆς
1090 1813 1266 1911 ὑπηρέτην)
1282 1837 1334 1885 ex·

257 1933 419 2032 spectari.
450 1933 484 2004 Is
505 1957 590 2004 cum
610 1928 757 2003 tandem
778 1933 944 2025 venisset,
966 1962 988 2006 a
1007 1933 1151 2008 domino
1170 1959 1237 2012 rex
1255 1959 1335 2006 con-

257 2057 343 2132 vivii
365 2054 503 2151 (Graeci
526 2055 787 2154 συμποσίαρχον
809 2055 1004 2153 appellant)
1031 2059 1252 2132 constitutus
1277 2068 1332 2129 est.

171 2275 175 2286 Ι
237 2179 332 2271 ‘Qui
364 2178 482 2250 statim
513 2174 710 2278 tyrannidis
732 2174 949 2251 affectandae
972 2178 1160 2254 consilium
1189 2200 1334 2277 praese

258 2300 357 2384 tulit:
385 2299 487 2400 jussit
508 2298 762 2374 convivasaut
783 2295 908 2371 bibere
929 2312 993 2372 aut
1016 2315 1126 2399 caput
1147 2302 1236 2376 vino
1263 2325 1334 2400 per-

257 2418 418 2511 fundi⁴⁰
433 2443 448 2488 :s
466 2417 532 2490 hoc
552 2417 626 2518 joco
647 2419 863 2518 significans,
886 2421 1031 2518 opinor,
1053 2421 1184 2497 debere
1215 2422 1335 2496 consi·

197 2607 200 2612 .
235 2565 238 2570 ·
258 2567 319 2616 vas
336 2523 399 2613 aut
415 2539 612 2641 tyrannidis
628 2539 733 2639 quasi
750 2565 849 2614 mero
865 2540 1048 2634 inebriari,
1062 2560 1126 2617 aut
1141 2543 1335 2641 submergi3

256 2664 281 2734 i.
308 2687 340 2734 e.
365 2661 424 2736 vel
452 2661 654 2759 parendum
685 2662 881 2762 tyrannidi,
921 2664 979 2738 vel
1013 2664 1332 2740 succumbendum.

257 2782 488 2881 Empedocles
508 2782 817 2882 interim'quidem
838 2786 995 2885 quievit3
1014 2799 1154 2884 postero
1176 2813 1265 2862 vero
1283 2783 1334 2855 die

258 2904 397 2992 ambos,
423 2919 459 2978 et
485 2906 673 2979 dominum
696 2919 733 2978 et
755 2907 911 2981 convivii
936 2933 1078 3007 regem,
1100 2913 1139 2981 in
1160 2906 1334 3009 judicium

257 3029 413 3117 vocavit,
435 3042 471 3100 et
492 3026 688 3129 tyrannidis
708 3028 885 3102 convictos
904 3031 1025 3129 capitis
1043 3030 1264 3104 damnandos
1278 3053 1334 3100 cu-

156 3225 162 3238 ,
258 3150 349 3223 ravit
381 3160 437 3218 ⁴¹.
504 3149 676 3250 Magnum
709 3150 866 3246 profecto
902 3152 1110 3250 exemplum
1145 3149 1335 3228 severitatis

139 3257 142 3262 ⁵
257 3269 334 3368 ejus
371 3286 408 3344 et
443 3270 513 3344 odii
552 3271 722 3346 adversus
756 3272 995 3372 tyrannidem.
1057 3274 1194 3374 Neque
1212 3274 1336 3346 minus

257 3393 381 3466 acriter
412 3393 603 3491 superbiae
627 3384 859 3493 quorundam
890 3411 933 3498 et·
960 3383 1143 3470 ambitioni
1172 3421 1209 3470 se
1230 3417 1335 3494 oppo-

256 3517 337 3587 suit.
391 3515 542 3606 Aenum,
563 3512 783 3588 nobilissimo
796 3517 948 3611 medico,
968 3547 986 3592 a
1009 3521 1144 3592 Senatu
1166 3518 1334 3616 Agrigen-

288 3695 344 3764 (39)
362 3699 397 3750 Ut
412 3699 493 3750 refert
509 3699 576 3750 idem
592 3697 727 3767 Neanthes
742 3700 812 3769 apud
830 3700 935 3765 Diogen.
954 3701 978 3753 11.
998 3719 1017 3752 a.
1031 3703 1070 3764 73.
1085 3699 1118 3750 cf.
1130 3700 1241 3765 Hesych.
1254 3692 1330 3748 Milet·

254 3804 279 3854 p.
302 3802 340 3850 ¹7·
357 3786 453 3838 Eudoc.
476 3785 507 3855 pl
522 3804 574 3850 ¹7⁰·

286 3877 344 3946 (do)
362 3879 393 3928 Ia.
410 3878 575 3930 casaubonus
590 3878 623 3930 ad
641 3879 713 3943 Diog.
732 3880 819 3932 Latet.
838 3891 962 3945 annom,
981 3882 1058 3936 fuisse
1069 3881 1120 3934 boc
1132 3885 1246 3937 παιδιᾶς
1257 3885 1332 3940 &²⁰⁰⁵

254 3966 323 4033 apud
336 3967 459 4027 Graecos,
476 3977 597 4020 vocatum
609 3971 802 4041 ἑωλοκρασίαν.
816 3973 868 4024 rid.
880 3971 1091 4043 Lexicographos.

284 4055 344 4123 ’(41)
361 4055 417 4106 Vid·
429 4055 534 4122 Diogen.
546 4059 632 4113 Laesa
643 4063 731 4124 VIII,
744 4062 794 4126 ec„
815 4061 926 4130 Hesych.
936 4063 1018 4118 Miles.
1029 4064 1046 4115 l.
1056 4063 1073 4117 l.
1083 4061 1183 4126 Gdiler,
1196 4062 1227 4114 de
1241 4058 1295 4111 Situ
1306 4055 1330 4100 et

255 4143 324 4211 orig.
332 4146 419 4212 Syrac.
430 4146 457 4196 in
467 4130 565 4198 Timaei
575 4149 724 4215 fragmentis
737 4153 899 4206 recensenda
908 4155 980 4205 hunc
992 4155 1078 4206 locum
1088 4153 1179 4207 omisit.
1214 4147 1217 4156 '
