2768 4910
511 413 753 464 vultanum.
1108 407 1174 470 379

97 603 200 678 quem
216 577 379 655 humana
397 579 708 680 complectentem,
731 607 842 684 quem
866 586 993 660 modo
1015 611 1173 683 unum,
1221 626 1224 657 ι

96 701 213 776 modo
259 701 397 777 multo
434 701 542 794 dicit,
580 705 693 779 varias
724 705 854 781 mundi
889 708 1106 784 conditiones
1137 725 1175 786 et
1222 710 1227 761 '¹

97 822 350 898 vicissitudines
387 837 560 923 spectans.
619 824 753 918 Quales
776 853 861 901 vero
889 825 951 900 has
977 829 1173 931 intelliget,

96 945 253 1020 nondum
279 945 492 1044 reperimus.

136 1069 314 1146 Nonnulli
344 1073 491 1174 quidem
519 1071 744 1170 Empedoclis
764 1071 856 1146 dicto
881 1072 930 1144 sic
951 1075 1174 1173 interpretati

94 1206 192 1287 sunt,
224 1194 411 1270 mundum
445 1195 550 1271 modo
582 1201 797 1271 interireet
830 1197 868 1268 in
904 1220 1025 1270 unum
1058 1195 1173 1294 veluti

94 1314 189 1390 choos
209 1315 394 1418 quoddam
411 1318 586 1393 confundi
607 1343 671 1418 per
690 1319 908 1410 Amicitiam,
918 1317 1023 1412 modo
1037 1321 1173 1392 renasci

93 1435 205 1512 denuo
238 1441 399 1515 discretis
426 1441 614 1516 elementis
640 1467 705 1541 per
731 1441 960 1516 Discordiam.
1017 1443 1072 1514 Ex
1099 1467 1173 1541 qua

93 1559 381 1660 interpretatione
413 1562 520 1638 fluxit
552 1564 743 1664 vulgatum
772 1562 885 1654 illud,
919 1561 1173 1661 Empedoclem

94 1682 127 1755 τὸ
151 1687 271 1768 Νεῖκος
300 1685 569 1761 facere‘mundi
595 1684 869 1776 fabricatorem,
890 1681 1088 1782 δημιουργὸν
1110 1688 1172 1760 τᾶν

93 1802 188 1899 κάτω,
206 1835 284 1909 quo
309 1822 348 1881 et
366 1809 527 1882 Hermiae
545 1821 689 1906 spectet,
706 1807 843 1906 fingens
861 1831 948 1879 eum
970 1827 1017 1880 ex
1035 1807 1173 1882 Aetnae

94 1929 284 2004 crateribus
316 1930 550 2007 clamantem:
579 1933 618 2006 rb
640 1935 757 2011 Νεῖκος
778 1933 871 2006 ποιεῖ
892 1959 938 2004 re
957 1926 1074 2004 crime
1090 1931 1169 2000 ¹⁸⁹.

93 2048 192 2124 Istam
213 2077 303 2130 vero
322 2054 526 2150 opinionem
555 2067 651 2126 recte
671 2051 845 2127 refutavit
855 2050 1071 2152 Simplicius
1097 2051 1173 2147 Dis·

92 2172 202 2246 cordia
229 2177 330 2248 enim
354 2176 419 2248 etsi
438 2174 615 2249 elementa
637 2173 815 2272 principio
834 2172 995 2264 diremit,
1022 2198 1093 2246 non
1113 2173 1172 2246 ef·

93 2293 169 2370 serit
185 2310 309 2372 tamen
326 2295 428 2371 hunc
444 2297 573 2371 mundi
592 2310 761 2370 ornatum
780 2320 978 2396 rerumque
995 2294 1170 2386 ordinem,

92 2420 151 2515 qui
170 2436 311 2525 Q
342 2421 462 2520 potius
495 2433 568 2492 tom
604 2419 789 2492 Amicitiae
820 2441 932 2518 quam
969 2403 1203 2492 Discordiael

1198 2488 1203 2570 ¹
1315 2599 1320 2610 .

92 2542 220 2618 actione
240 2541 493 2619 efficimr190.

133 2665 261 2767 Neque
282 2665 366 2766 plus
381 2667 598 2740 auctoritatis
613 2663 721 2736 hebet
737 2663 805 2736 alia
822 2661 1066 2763 quorumdam
1081 2687 1170 2736 een·

91 2788 214 2883 tentio,
245 2788 421 2888 placuisse
456 2785 685 2884 Empedocli,
721 2785 904 2858 mundum
938 2786 976 2858 in
1010 2784 1169 2884 ignem

91 3020 234 3080 praesertim
249 3019 410 3090 Empedoclis
423 3035 511 3072 rerem
527 3020 648 3082 rte-tlt,
664 3017 709 3069 ubi
723 3018 773 3072 ἕνα
786 3021 885 3084 κόσμον
898 3017 1017 3082 intelligit
1029 3019 1076 3068 τὸν
1090 3026 1167 3080 σφατ-
1187 3035 1191 3040 ’

93 3125 140 3175 W·
149 3114 190 3164 cui
203 3113 352 3184 oppositum
365 3129 419 3166 esee
433 3115 464 3163 τὸ
476 3116 532 3165 πᾶν
545 3113 689 3180 ὑπένερθε
701 3129 721 3164 e.
733 3112 802 3164 hunc
815 3111 948 3163 mundum.
975 3109 1091 3160 Ritterus
1102 3125 1166 3160 vero

92 3197 114 3248 in
125 3199 294 3258 motmunt.
304 3203 380 3256 Wolf.
392 3205 409 3256 Ι.
419 3205 435 3257 Ι.
447 3223 473 3274 p.
484 3189 556 3268 445,
565 3206 640 3256 istam
649 3201 753 3275 quidem
765 3197 1027 3255 Neo-Platonicorum
1036 3195 1166 3266 interpre-

92 3291 206 3348 cuonem
222 3296 368 3365 improbat,
381 3295 526 3350 arbitratur
542 3305 628 3350 tamen
644 3313 677 3348 ex
694 3292 854 3364 Empedoclis
869 3292 996 3344 sententia
1010 3296 1165 3359 utrumque,

92 3380 217 3447 'phaceam
235 3394 263 3450 et
275 3387 413 3449 mundum,
432 3387 506 3440 simul
518 3395 639 3440 constare
650 3397 679 3438 et
690 3401 857 3456 permanere3
875 3381 908 3434 ad
919 3381 989 3452 quod
1001 3379 1165 3450 probandum

92 3473 158 3526 affert
170 3479 248 3530 etiam
259 3478 391 3531 Plutarchi
407 3480 583 3532 testimonium
595 3477 628 3528 de
637 3477 704 3528 Plac.
715 3475 777 3544 phil.
786 3476 809 3538 I,
820 3473 841 3525 5:
855 3472 1055 3540 Ἐμπεδοκλῆς
1068 3472 1166 3535 κόσμον

92 3561 135 3624 μὶν
149 3565 211 3634 ἵνα,Ι
227 3597 263 3612 -
277 3573 309 3622 τὸ
328 3569 362 3626 el
381 3571 476 3626 λοιπὸν
486 3571 575 3641 ἀρχὴν
588 3561 666 3622 εἶναι.
681 3567 753 3638 quod
763 3583 794 3618 eo
803 3583 856 3618 nou
867 3566 990 3635 pertinet.
1027 3565 1166 3632 Tetigimus

92 3652 135 3710 ¹¹⁰⁶
149 3661 181 3716 ed
198 3679 233 3720 m.
260 3681 305 3728 ¹72
321 3682 359 3736 sq.
376 3671 511 3730 tangemus
526 3665 590 3718 item
606 3661 673 3714 iufra
691 3664 705 3726 t
722 3661 761 3722 ad.

119 3752 191 3822 (¹89)
208 3757 326 3810 Hermiou
343 3758 414 3810 lrris.
430 3755 523 3810 Gentil.
543 3772 568 3824 p.
589 3769 633 3818 177
647 3755 678 3818 l3
698 3750 819 3804 Alexand.
841 3747 911 3818 apud
924 3747 1035 3816 Simplic.
1050 3745 1083 3798 dc
1095 3743 1165 3798 Coel.

55 3841 58 3850 '
93 3839 125 3905 Π,
136 3841 150 3894 l
164 3849 208 3900 ut
222 3851 252 3911 B;
264 3847 291 3900 iu
302 3847 388 3900 Sobel.
398 3846 501 3901 Aristot.
512 3863 537 3915 p.
548 3844 596 3909 507
607 3861 635 3908 a,
652 3845 734 3910 Cyrus
745 3840 843 3898 Theod.
854 3838 1012 3891 Prodrorous
1026 3837 1058 3890 ed
1071 3836 1166 3888 calcem

93 3933 186 3993 Stobaei
201 3940 273 3994 Gem-
284 3959 309 4013 p.
321 3940 371 3994 62³
385 3941 436 4002 (ed.
453 3937 490 4001 3.)
505 3938 537 3990 cf.
553 3939 594 3988 Jo.
610 3936 653 3988 Fr.
664 3933 759 3986 Luisin.
774 3929 904 3996 Parergdn
917 3932 951 3993 ΙΙ,
965 3932 1008 3992 att,
1022 3929 1049 3980 io
1063 3925 1167 3980 Gruteri

93 4022 157 4080 Thet-
169 4033 222 4098 111,
234 4050 261 4103 p.
272 4033 323 4097 476
335 4048 373 4102 eq.
383 4030 426 4082 cit.
437 4029 521 4082 Sturz.
532 4025 637 4096 Emped.
648 4042 674 4094 p.
687 4024 735 4086 ada
748 4039 787 4091 sq.

90 4145 100 4161 '¹
120 4120 192 4192 (¹9⁰)
207 4123 318 4195 surpite.
334 4124 377 4177 cit.
395 4137 474 4192 supra
494 4137 518 4189 p.
536 4117 592 4182 374.

505 4303 526 4346 C
