2800 4910
271 391 312 451 ts
678 405 726 452 na
749 404 969 452 nrmnnoous

269 585 342 644 tem
367 567 624 643 aemulatum.”
673 569 857 644 Disertum
884 595 971 644 sane
987 571 1248 670 testimonium3
1264 591 1336 649 sunt

267 705 390 766 autem
419 693 459 764 iu
481 688 613 764 coalia
638 715 733 790 quae
759 693 1001 786 conveniunt,
1021 693 1088 766 alia
1109 720 1206 792 quae
1226 722 1337 798 repug-

265 827 368 886 nant.
418 811 512 886 Nam
548 809 803 910 Empedoclem
841 839 863 886 a
898 813 1114 889 Parmenide
1152 816 1336 917 digressum

265 934 310 1010 ad
333 937 580 1034 Anaxagoram
600 930 708 1006 simul
729 949 766 1006 et
786 935 1025 1036 Pythagoram
1046 963 1084 1012 se
1103 940 1335 1040 applicavisse,

263 1060 300 1132 id
322 1083 434 1160 quam
452 1055 651 1130 absurdum
668 1057 729 1149 sit,
746 1057 903 1158 quisque
919 1058 1028 1133 videt.
1065 1061 1185 1135 Ambo
1201 1065 1294 1138 enim
1308 1062 1338 1134 hi

264 1183 374 1255 totius
394 1179 471 1252 fere
491 1178 604 1252 seculi
623 1179 812 1253 intervallo
827 1209 847 1254 a
865 1205 903 1254 se
918 1182 1075 1256 invicem
1092 1181 1238 1258 distant.
1282 1183 1338 1258 Sed

262 1305 309 1378 de
346 1301 544 1402 Pythagora
578 1329 662 1375 mox
696 1301 913 1396 dicendum,
945 1303 975 1376 ai
1002 1307 1104 1403 prius
1132 1305 1179 1378 de
1206 1305 1340 1406 reliquis

263 1426 472 1505 viderimus.
536 1424 818 1498 Parmenidis
853 1424 1043 1500 aemulum
1071 1441 1108 1500 et
1137 1426 1339 1500 imitatorem

263 1548 374 1622 fuisse
395 1530 665 1646 Empedoclem,
687 1544 958 1646 Tbeophrastus
981 1544 1140 1646 locuples
1160 1551 1259 1622 testis
1272 1549 1340 1622 alii-

262 1697 339 1772 que
369 1669 558 1742 adfirmant
573 1677 656 1762 ¹³³3
691 1669 966 1767 Anaxagord
987 1695 1074 1745 eum
1094 1669 1218 1770 paullo
1239 1673 1340 1746 mino·

263 1819 341 1866 rem
382 1807 472 1865 natu
507 1793 635 1882 luisse,
665 1817 711 1866 ex
743 1789 931 1865 Aristotele
964 1805 1002 1865 et
1029 1793 1211 1892 Simplicio
1244 1820 1340 1893 supra

263 1914 548 1990 demonstratum
563 1922 642 2006 ²³⁴3
673 1939 760 1988 cum
787 1915 969 1987 Zenone
996 1914 1156 2016 denique
1177 1930 1342 2016 tanquam
1367 1919 1380 1978 'l

264 2035 406 2136 aequali
424 2048 462 2108 et
480 2033 623 2108 aemulo
642 2037 786 2135 saepius
810 2034 914 2135 jungi
939 2034 1026 2109 solet
1046 2044 1126 2108 ¹³⁵.
1178 2037 1342 2130 Quocirca
1379 1981 1380 2076 l

264 2141 372 2248 haec,
404 2185 525 2259 quum
556 2171 593 2230 et
622 2155 844 2255 temporibus
883 2159 1100 2232 conveniant
1131 2171 1168 2233 et
1199 2158 1344 2232 aliorum

264 2281 473 2354 testimoniis
488 2281 694 2372 firmentur,
714 2305 787 2352 non
802 2277 906 2352 facile
922 2280 961 2350 in
978 2282 1220 2378 suspicionem
1238 2278 1346 2356 vocari
1379 2295 1380 2342 1

265 2415 425 2500 possunt.
476 2401 683 2493 Quaeratur
705 2415 845 2492 autem,
868 2398 935 2473 uhi
958 2427 1017 2475 eos
1039 2402 1248 2476 audiverit?
1268 2392 1345 2474 Par·

265 2522 447 2598 menidem
464 2521 613 2596 Eleatcn
629 2535 736 2621 putet
748 2523 831 2622 quis
844 2520 889 2595 ab
900 2522 1117 2622 Empedocle
1131 2523 1346 2598 adolescente

296 2766 372 2834 (133)
388 2765 447 2818 ud.
468 2765 577 2830 Diogen.
598 2765 685 2820 hert.
706 2767 791 2829 Vlli,
816 2764 863 2819 55:
886 2767 900 2818 ὃ
920 2766 954 2820 δὲ
974 2767 1151 2838 Θεοφράστου
1166 2771 1346 2842 Παρμενίδου

264 2860 330 2928 φησί
342 2858 469 2928 ζηλωτὴν
482 2857 569 2908 αὐτὸν
580 2860 715 2924 γενέσθαι
727 2861 775 2910 aul
787 2863 910 2927 μιμητὴν
922 2862 952 2910 ἐν
963 2865 1023 2920 acic
1034 2867 1184 2930 ποιήμασί.
1197 2898 1205 2913 ·
1218 2897 1227 2914 ·
1241 2862 1346 2918 Eudoclt

262 2968 287 3018 p.
314 2945 360 3018 169
383 2949 470 3002 addita
490 2951 659 3019 ὕστερονδὲ
679 2961 738 3010 τοῖς
753 2951 977 3023 Πυθαγορικοῖς.
1012 2954 1063 3005 Sed
1082 2963 1148 3007 teste
1166 2957 1273 3008 Laertio
1290 2955 1346 3004 hacc

161 3107 163 3114 Ι
262 3039 399 3093 reserenda
419 3043 534 3093 suntad
554 3041 693 3112 Hermippi
714 3043 906 3105 testimoninm,
928 3044 1000 3113 quod
1019 3045 1107 3096 atatim
1127 3044 1251 3114 deinceps
1270 3045 1348 3096 affert.

262 3131 320 3182 vid.
334 3130 440 3182 inferius
451 3137 550 3185 notata.
585 3137 606 3183 Δ
615 3131 747 3200 Simplicio
757 3171 765 3196 ,
784 3133 828 3202 qui
841 3129 1051 3201 Theophrastum
1060 3134 1215 3204 praesertim
1225 3135 1347 3204 sequitur,

261 3220 410 3292 appellatur
436 3221 499 3274 item
529 3223 715 3292 Παρμενίδου
742 3223 984 3294 reluctando
1009 3229 1058 3276 καί
1085 3226 1211 3296 ζηλωτὴς
1244 3229 1291 3278 καί
1311 3225 1347 3276 ἔτι

261 3313 365 3375 μᾶλλον
383 3313 601 3386 Πυθαγορείων.
636 3317 710 3384 Phys.
724 3320 751 3379 1,
770 3315 788 3365 s.
802 3315 819 3367 6
834 3319 858 3366 B.
871 3315 1047 3387 Olympiodor.
1068 3317 1187 3371 Prooem.
1206 3321 1234 3370 in
1252 3320 1346 3372 Platon.

160 3467 162 3470 Ι
260 3407 335 3471 Gorg.
355 3393 435 3468 advoc
449 3409 482 3461 δὲ
495 3409 510 3460 ὅ
525 3409 711 3479 Παρμενίδης
726 3403 1019 3477 δοδάσναλοςδμένετο
1034 3409 1285 3480 Ἐμπεδοκλέους,
1300 3412 1346 3484 Ιτοῦ

261 3499 435 3574 διδασκάλου
448 3506 582 3574 Γοργίου.
616 3502 673 3554 vid.
685 3502 788 3554 Platon.
798 3501 873 3566 Gorg.
882 3501 924 3552 cd.
938 3501 1083 3555 Findelsen.
1099 3503 1185 3574 pfiod
1196 3521 1236 3574 aq.
1261 3504 1346 3556 Suidaa

259 3608 282 3644 v.
302 3593 481 3659 Ἐμπεδοκλ.
499 3593 750 3664 detumescere
769 3593 804 3645 δὲ
822 3591 935 3662 πρώτου
951 3593 1154 3665 Παρμενίδου,
1178 3585 1303 3661 οὗτινος,
1318 3596 1348 3652 ὣς

260 3703 324 3757 φησι
345 3689 503 3760 Πορφδροος
525 3693 554 3742 ἐν
581 3689 715 3758 φιλοσόφῳ
739 3689 865 3758 ἰατορίᾳ,
888 3689 1000 3754 ἐγένετο
1024 3693 1152 3743 παιδικά.
1188 3691 1347 3743 Vocabulum

258 3783 377 3834 παιδικὰ
395 3781 576 3851 accipiendum
600 3781 734 3834 Platonico
758 3797 849 3839 seusu.
874 3776 910 3830 ut'
930 3781 1043 3848 explicui
1063 3783 1090 3832 in
1112 3781 1274 3834 Parmenidi·
1294 3779 1348 3832 rell.

257 3890 283 3943 p.
308 3873 338 3924 13
359 3889 396 3942 aq.
429 3871 467 3925 Cl'.
488 3881 626 3941 praeterea
646 3859 746 3924 Sutdas'
758 3871 786 3924 in
806 3855 1007 3940 ’Παρμενίδης
1031 3873 1146 3932 Ειιδοοίο
1163 3873 1227 3925 ibid.
1245 3889 1274 3942 p.
1293 3871 1346 3924 360.

290 3961 367 4026 (add)
384 3960 442 4012 tid.
464 3979 541 4031 supra
558 3980 583 4032 p.
601 3979 638 4013 11.

290 4050 366 4118 (135)
383 4052 419 4104 Ut
434 4051 504 4120 apud
523 4051 627 4104 suidam
640 4053 668 4103 in
680 4053 804 4112 Μέίίτος
816 4061 843 4104 et
855 4053 1052 4128 Παρμενίδου
1066 4051 1227 4108 Aristotelem
1241 4048 1347 4102 iuferius

250 4141 383 4210 pitatum3
401 4139 493 4193 Euseb.
516 4142 613 4193 Canon.
630 4143 722 4196 chron.
744 4143 844 4214 olymp.
865 4149 905 4198 81.
