2796 4914
463 465 471 475 .
499 416 741 472 Pmoeot'ms.
1098 405 1162 468 ³27

79 595 183 678 tum,
230 584 268 656 in
303 587 442 682 σφαῖραν
480 583 706 684 Empedoclis
735 582 957 658 transtulisse
990 607 1085 682 quae
1116 582 1161 658 de

77 705 307 808 Pythagorica
334 705 486 780 monade
509 704 704 803 praedicari
729 703 883 778 solerent
906 703 954 802 (⁸)

124 947 211 1022 lam
237 947 392 1022 diversas
414 947 523 1022 attuli
548 960 714 1025 veterum
739 947 982 1046 interpretum
1005 945 1050 1020 de
1074 949 1160 1021 Em·

80 1069 237 1170 pedoclis
261 1069 409 1170 sphaera
430 1065 642 1161 sententias,
667 1067 801 1166 quibus
824 1069 919 1142 inter
942 1092 981 1142 se
1007 1068 1160 1164 collatis,

78 1191 218 1268 facilins
238 1192 309 1291 jam
334 1193 529 1290 poterimus
552 1189 647 1266 illius
664 1206 824 1268 mentem
847 1194 1058 1292 perspicere.
1095 1193 1161 1266 Na·
1268 1265 1272 1274 ,

78 1325 182 1388 turae
224 1313 443 1412 principium
478 1313 601 1390 statuit
635 1313 708 1388 tale
736 1313 833 1412 quod
865 1315 985 1414 ipsum
1020 1333 1085 1412 per
1124 1339 1162 1387 se

76 1452 193 1528 esset,
228 1449 357 1510 cuncta
381 1434 632 1535 complexum,
667 1463 733 1512 sua
757 1439 794 1515 vi
817 1450 1029 1512 contentum
1054 1450 1163 1536 atqne
1287 1473 1288 1478 ,

80 1557 299 1655 perfectum
320 1558 429 1658 ‘finxit
453 1557 544 1632 illud
568 1583 688 1632 unum
713 1571 750 1630 et
772 1559 943 1657 simplex,
970 1582 1084 1658 equo
1103 1572 1163 1630 ta·

80 1705 166 1753 men
186 1678 348 1756 diversae
372 1692 523 1752 naturae
540 1680 632 1752 vires
648 1693 685 1753 et
700 1678 837 1756 diversa
854 1680 1042 1773 elementa,
1056 1680 1162 1756 variis

82 1800 212 1874 induta
235 1800 377 1892 formis,
400 1799 568 1898 deinceps
592 1800 816 1874 exstitissent.
854 1804 949 1900 Ergo
965 1813 1041 1874 erat
1061 1802 1165 1924 qpasi

78 1921 295 1998 universitas
327 1919 527 2020 quaedam,
562 1933 635 1992 tam
668 1929 819 1994 naturae
843 1922 1028 1996 materiem
1051 1915 1163 2022 quam

78 2041 151 2118 vim
187 2040 345 2117 divinam
374 2067 449 2115 uno
479 2042 688 2139 complexu,
713 2045 790 2114 una
816 2045 1045 2118 consensione
1069 2066 1163 2114 oon·-

77 2163 199 2236 stricta
219 2176 366 2256 tenens;
387 2189 483 2261 quae
498 2163 646 2263 quidem
669 2163 787 2263 globi
805 2163 922 2237 formis
939 2164 1074 2262 optime
1089 2162 1163 2262 sig-

83 2287 250 2360 nificatur
274 2294 334 2360 ⁵².
385 2263 461 2358 Hoc
486 2287 705 2386 principium
734 2299 915 2387 quantum
943 2285 989 2358 ab
1015 2286 1164 2360 Anaxa·

78 2434 184 2506 goreo
218 2408 342 2499 distet,
372 2409 604 2484 manifestum
628 2424 691 2483 est
746 2411 973 2508 Anaxagorae
998 2407 1162 2481 homoeo-

78 2531 210 2605 meriae
248 2531 323 2608 sire
365 2528 481 2607 adare
512 2534 594 2628 ὁμοῦ
622 2546 724 2606 erant
758 2532 888 2606 discors
920 2544 956 2604 et
991 2527 1162 2630 indigesta

78 2653 187 2728 moles
210 2679 334 2727 oerens
353 2667 475 2728 mente
499 2651 631 2748 divina,
651 2677 762 2754 quam
781 2681 800 2726 a
745 2617 967 2726 materie
967 2642 1180 2725 secretam'

80 2776 163 2850 huie
190 2790 374 2877 tamqnam
406 2776 660 2850 fabricatorem
696 2776 914 2874 praeposuit3
939 2773 1162 2872 Empedoclis

80 2921 163 2972 vero
182 2903 323 2996 σφαῖραι
341 2911 394 2976 est
415 2923 558 2972 concors
575 2910 704 2970 natura
723 2911 761 2968 et
779 2896 951 2994 perlecta,
972 2895 1161 2968 amicitiam
1205 2857 1211 2981 l
1293 2990 1298 3005 .

80 3019 310 3121 dirinmque
338 3021 410 3096 vim
427 3020 468 3101 in
492 3044 529 3091 se
551 3020 753 3092 continens.
787 3008 1061 3120 [crmdautem
1079 3040 1163 3089 oon-
1197 3023 1202 3056 ¹
1246 3014 1295 3067 [Ἢ

81 3144 175 3238 grnit
192 3141 299 3240 plane
315 3167 401 3215 com
416 3141 656 3215 Eleatioornm
673 3139 858 3238 principio,
874 3141 939 3240 qui
954 3163 1159 3238 supremam

81 3263 244 3337 omnium
269 3277 436 3338 naturam
459 3264 546 3335 item
564 3261 773 3359 sphaerae
790 3259 943 3334 similem
959 3263 1160 3335 finxerunt:

144 3383 310 3462 'eorde
336 3388 493 3461 εὐκύκλου
519 3385 662 3481 σφαίρης
685 3380 872 3482 ἐναλίγκιον
889 3384 982 3482 ὄγκῳ
996 3390 1051 3457 ⁵².

116 3581 152 3646 (ἢ
182 3582 261 3634 Haud
274 3583 366 3650 majori
382 3585 439 3648 jure
455 3579 571 3632 Sturzins
586 3595 611 3648 p.
630 3579 670 3642 75,
685 3582 717 3630 τὸ
727 3577 756 3630 ἓν
769 3578 804 3630 ab
812 3576 968 3647 Empedocle
980 3576 1161 3645 Apollinem

84 3669 177 3722 dictum
193 3681 283 3740 putat,
302 3673 362 3742 quia
380 3671 501 3724 videlicet
517 3670 672 3738 Pythagorei
690 3669 827 3722 monadem
843 3668 881 3719 ita
892 3665 1023 3736 appellare
1038 3666 1157 3722 solerent.

84 3760 167 3813 Unum
181 3761 343 3832 Empedoclis
361 3770 388 3815 et
406 3761 628 3828 Pythagoreorum
644 3776 733 3814 monas
749 3757 820 3812 haud
837 3757 928 3808 similia
944 3766 1021 3821 sont,
1037 3766 1159 3830 utsupra
1225 3763 1229 3882 ι

85 3851 219 3906 Aristotelis
231 3853 317 3905 verbis
328 3852 440 3916 ostendi,
453 3869 479 3920 p.
488 3853 543 3914 317.

116 3939 168 4009 (δι)
183 3943 343 4013 Philoponus
359 3944 386 3994 in
401 3940 476 4009 Phys.
492 3945 519 4003 1,
535 3943 572 3993 lit.
593 3941 726 4005 A,f.5A:
748 3952 862 4013 σφαῖρον
875 3945 966 3998 ἐκάλει
979 3948 1069 4000 διὰτὸ
1093 3952 1158 4018 πρὸς
1195 3971 1198 3974 ·

87 4031 179 4088 ἑαυτὸν
197 4038 390 4104 ἐπεστράφθαι
410 4036 542 4104 καὶπρὸς
560 4035 598 4103 τῷ
619 4033 658 4085 iss
673 4028 754 4087 εἶναι.
787 4036 823 4088 ef.
836 4036 903 4089 infra
918 4037 933 4104 §
948 4039 986 4090 13.

116 4129 168 4195 (da)
185 4132 241 4185 vid.
255 4131 401 4184 Parmenid.
418 4147 455 4182 rs.
468 4147 519 4182 roa.
