2768 4910
249 407 312 469 420
642 425 689 471 nn
713 421 951 497 urrunnocurs¹

295 585 393 662 Haec
413 589 458 662 de
485 589 615 663 mundi
638 589 751 678 forma
776 589 959 664 universe.
1009 586 1116 677 Quod
1139 576 1259 658 autem
1278 585 1313 656 ad

158 799 163 808 ,
247 708 377 782 mundi
404 725 521 810 partes
546 713 690 802 attinet,
715 710 846 783 harum
871 732 1038 808 quaeque
1064 732 1151 782 eum
1177 705 1313 778 obtinuit
1356 773 1361 784 ,

248 830 384 926 locum,
406 857 520 932 quem
541 829 599 908 vel
620 831 693 906 sors
717 832 776 906 vel
801 856 865 904 suc
888 831 1022 928 cuique
1040 841 1169 902 natura
1187 825 1312 900 tribuis·

247 967 310 1026 set.
360 953 488 1046 Quum
513 953 610 1026 enim
629 953 720 1054 ignis
735 951 965 1026 ‘elementum
990 949 1144 1023 sublime
1162 973 1312 1046 erumpe·

247 1088 319 1166 ret,
355 1088 450 1148 terra
484 1071 651 1150 deorsum
686 1085 866 1173 vergeret,
902 1095 945 1144 eo
978 1069 1114 1144 factum
1141 1085 1185 1144 ut
1210 1070 1313 1144 aether

246 1219 424 1269 summam
445 1196 521 1272 sive
545 1196 733 1285 extimam,
757 1207 851 1266 terra
868 1205 905 1267 et
919 1217 1014 1292 quae
1031 1205 1147 1266 terrae
1162 1205 1312 1293 cognata,

244 1320 306 1389 ae'r
330 1331 367 1391 et
391 1345 506 1418 aqua,
530 1318 639 1408 imam
662 1317 737 1392 aive
761 1311 915 1388 mediam
939 1315 1197 1410 occupaverint
1221 1339 1311 1388 muu-

245 1435 282 1509 di
306 1436 427 1512 aedem
448 1442 502 1514 ⁸¹.

294 1558 347 1632 Ut
378 1573 511 1638 terram
546 1563 728 1638 immotam
763 1562 803 1634 in
843 1561 961 1636 medio
997 1563 1156 1638 universi
1192 1562 1311 1635 consis-

234 1693 337 1773 tere,
363 1681 412 1755 ita
437 1685 578 1760 coelum
604 1685 758 1757 maxima
784 1681 963 1756 celeritate
987 1685 1182 1783 circumagi
1208 1681 1311 1772 voluit,

243 1816 281 1874 et
301 1793 408 1876 celeri
425 1802 491 1878 hac
511 1806 667 1882 motione
690 1804 799 1908 effici,
823 1817 866 1877 ut
888 1818 924 1877 et
945 1819 1040 1878 terra
1061 1805 1163 1878 firma
1187 1816 1311 1879 maneat

244 1937 281 1996 et
300 1923 440 1999 coelum
454 1925 572 2026 ipsum
589 1953 663 2000 non
683 1940 835 2002 corruat.
886 1924 1138 2024 Memorathoc
1154 1925 1310 2024 placitum

118 2051 123 2062 ’
242 2044 450 2120 Aristoteles
474 2047 596 2122 dicens
615 2053 668 2120 8²:
703 2051 758 2141 rip
786 2053 848 2149 γῆν
876 2046 1000 2128 πάντες
1025 2047 1095 2123 ὀὀοι
1122 2049 1178 2122 τὸν
1203 2046 1309 2144 apuu

240 2172 413 2264 γεννιῖυιν,
434 2168 490 2246 ἐπὶ
514 2173 553 2247 τὸ
578 2172 680 2267 μέσον
704 2170 864 2249 συνελθεῖν
885 2176 999 2270 partu·
1025 2172 1076 2249 ’ὅτι
1095 2169 1135 2250 ’δὲ
1157 2171 1246 2268 μένει
1265 2169 1311 2264 ζ·

242 2283 336 2366 τοῦοι
363 2294 417 2384 τὴν
444 2295 573 2386 cirici,
605 2297 662 2369 cui
685 2297 842 2395 λέγουσιν
865 2301 894 2374 οἱ
917 2302 978 2393 μὲν
1002 2356 1010 2372 .
1038 2354 1046 2372 .
1073 2355 1082 2373 .
1110 2293 1219 2393 ὥσπερ
1243 2293 1310 2389 Ἐμ·

207 2433 212 2446 ’
241 2401 420 2510 reiectio,
448 2419 502 2507 rip
527 2425 585 2490 τοῦ
599 2417 740 2516 ὀὐρανοῦ
768 2421 876 2518 <papiu
900 2419 1014 2520 κύκλῳ
1038 2416 1244 2517 περιθέουοοοι
1264 2417 1309 2490 uui

243 2536 364 2614 θᾶττον
382 2540 560 2636 φερομένην
581 2541 637 2631 τὴν
655 2545 712 2631 τῆς
734 2548 797 2643 γῆς
818 2542 925 2640 φορὴν
944 2546 1096 2634 κωλύειν,
1115 2540 1259 2638 καθάπερ
1279 2540 1309 2613 τὸ

243 2661 280 2736 ὲν
301 2666 384 2743 τοῖς
400 2659 563 2744 ιιυοίθοιι
581 2661 692 2762 ὕδωρ·
710 2668 767 2740 κοιλ
784 2668 853 2766 γὰρ
871 2675 985 2759 τοῦτο,
996 2669 1109 2766 κύκλῳ
1125 2659 1187 2741 τοῦ
1201 2659 1309 2739 κυάθου

243 2775 442 2883 φερομένου,
463 2783 630 2868 πολλάκις
648 2785 741 2862 cairo
759 2799 817 2863 τοῦ
835 2798 973 2890 χοιλιιοῦ
997 2789 1162 2888 γινόμενον
1184 2789 1265 2883 ὅμως
1282 2786 1309 2856 ⁰¹3·

243 2899 381 3008 Φέρεται
407 2906 520 3003 κάτον,
549 2913 698 3008 πεφυκὸς
723 2910 901 3010 Φέρεοθοιι,
926 2911 982 2990 tat
1000 2916 1062 3004 cip
1085 2914 1183 3004 αὐτὴν
1206 2911 1309 2986 αἰτίου.

243 3031 392 3106 Censuit
418 3036 530 3132 igitur
557 3035 722 3110 celeriore
751 3034 838 3108 coeli
866 3038 1086 3110 circumactu
1111 3037 1184 3111 vim
1208 3047 1309 3106 terrae
1374 3099 1375 3148 ἶ

129 3211 132 3216 .
243 3153 411 3230 deorsum
452 3172 659 3256 vergentem
699 3156 813 3249 vinci,
849 3160 1035 3257 ipsamque
1064 3159 1103 3229 in
1136 3170 1227 3229 statu
1256 3179 1310 3224 suo
1374 3149 1375 3176 ¹

205 3373 208 3380 ,
245 3279 428 3353 contineri.
480 3279 680 3355 Similitudo
710 3282 823 3356 vasis
853 3305 962 3380 aqua
990 3259 1152 3379 reple'ti
1175 3292 1216 3350 et
1239 3278 1310 3349 cir-

223 3403 457 3493 cumacti,
485 3426 597 3499 quam
618 3404 823 3478 Aristoteles
846 3403 961 3491 addit,
988 3402 1205 3501 Empedoclis
1232 3424 1310 3472 con-

242 3519 426 3594 suetudini
450 3521 557 3619 plane
582 3538 817 3598 consentanea
846 3538 899 3598 est
923 3527 979 3595 ⁸³.
1031 3523 1166 3596 Eadem
1187 3525 1310 3595 ratione
1373 3617 1374 3620 Ἴ

244 3653 359 3714 totum
376 3670 524 3744 quoque
542 3645 725 3720 mundum
744 3647 919 3721 contineri
937 3647 1070 3739 voluit,
1087 3661 1130 3721 ut
1145 3642 1225 3720 alibi
1238 3642 1310 3715 dicit

278 3920 339 3985 (⁸1)
355 3919 405 3971 vid
422 3937 501 3990 cupra
517 3939 542 3991 p.
560 3921 610 3975 330
627 3939 665 3993 eq.
713 3951 718 3960 =

277 4007 334 4073 (aa)
351 4007 455 4062 aristot.
472 4010 504 4064 de
521 4013 591 4066 tort
608 4015 647 4075 11,
669 4014 707 4068 13.
724 4033 750 4086 p.
769 4015 818 4070 365
835 4018 864 4070 C.

280 4097 338 4162 (83)
355 4097 446 4151 Similis
463 4103 563 4166 generis
581 4105 787 4174 comparationes
803 4106 929 4172 leguntur
947 4126 994 4164 rer.
1015 4115 1062 4166 282
1080 4127 1131 4182 sqq.
1147 4109 1191 4162 3ου
1209 4124 1263 4178 sqq.
1372 4089 1373 4096 i
