2796 4914
442 441 480 489 οοο
504 440 755 491 aursnocusrr.
863 416 866 424 ’
1077 431 1138 494 801

68 609 176 692 posita3
206 607 285 672 illud
309 609 455 670 Homerus
482 608 521 672 de
547 609 704 692 clypeo,
730 608 795 674 hoc¹
816 605 853 668 de
879 606 897 666 J
906 625 972 672 ore
998 627 1144 691 usurpare
1190 600 1194 610 '

70 715 151 786 solet.
171 747 215 761 -
234 723 432 797 πιλοοΙμοοοι
450 716 520 796 ἥκοι
532 726 618 776 recte
635 713 838 796 appellatum:
858 711 900 772 sio
917 711 1086 775 Aristoteles
1106 712 1145 776 dc

71 820 143 882 Part.
165 820 224 882 An.
246 823 306 899 ΙΙΙ,
329 822 364 883 7:
387 832 421 890 rt
442 833 495 902 μοι
515 823 587 902 ἦτορ
608 828 655 888 καὶ
675 824 688 883 Ι
708 831 804 892 σπλὴν
825 824 919 897 βοηθεῖ
935 822 1002 897 προς
1022 829 1073 892 rte
1093 826 1147 887 πέ-

74 933 118 1003 Ιιιι
136 936 189 1004 ἰοῖς
212 931 324 1010 τροφοῖς·
345 933 445 1010 harpa
465 937 519 1010 γὶρ
539 933 610 994 ’dara
631 933 727 1007 Ιοιμὴι
745 929 810 1007 lxo
832 935 883 998 ets
905 929 999 1006 Φύσιν.
1081 975 1084 985 .
1249 921 1254 934 ’

110 1033 159 1094 Nr.
182 1033 252 1095 454.
294 1033 391 1096 Verba
406 1035 497 1111 baec,
516 1039 539 1101 ιΙ
556 1039 586 1100 lt
599 1041 646 1100 aa
657 1036 882 1113 οιοῦοοᾶριθμό.
896 1027 1147 1118 depravatum,

73 1147 132 1198 tam
153 1149 282 1200 metrum
302 1161 395 1222 quam
416 1161 517 1202 sensus
539 1139 645 1222 arguit.
688 1141 755 1216 Quo
769 1149 869 1200 autem
882 1144 1033 1218 spectent,
1050 1143 1152 1194 osten·
1222 1189 1227 1202 ,

75 1240 149 1300 dunt
165 1241 267 1304 addita
280 1243 441 1329 Philopcni
452 1244 553 1309 rerba:
570 1255 610 1312 οὶ
624 1253 761 1325 στοιχεῖα
773 1271 816 1312 ua
822 1242 851 1310 τ’
865 1247 1005 1324 ἄριομιι
1019 1249 1059 1308 οὶ
1073 1243 1150 1306 atet

74 1350 224 1427 διαμένειν,
236 1350 377 1410 elemento
394 1373 536 1413 ιιιιιιιιοο
552 1352 654 1412 eodem
669 1371 782 1431 semper
793 1369 922 1424 monere,
936 1346 1059 1434 figura
1078 1356 1148 1406 tan-

76 1462 137 1512 tum
161 1451 277 1515 variari.
319 1454 383 1516 lloc
404 1455 578 1538 Empedocli
598 1455 730 1539 placuit,
751 1475 813 1538 quo
835 1453 1050 1536 pertinentes.
1076 1448 1148 1510 114:

77 1567 172 1627 οοῦοοι
191 1569 245 1641 ys,
264 1561 317 1628 Ισοο
338 1588 373 1629 rr
392 1570 489 1629 πάντα
510 1569 559 1630 nat
579 1565 666 1637 libem
685 1595 726 1608 -
746 1580 789 1622 rs.
812 1558 884 1621 122:
906 1558 981 1626 ἀλλ’
1001 1557 1071 1626 οὔτ’
1089 1561 1152 1629 im

78 1693 109 1747 γε
137 1672 238 1732 τοῦτο
266 1699 308 1714 -
336 1666 383 1728 Ad
407 1665 483 1728 haec
502 1667 571 1728 loca
591 1665 786 1750 spectaverit,
808 1664 934 1746 opinor,
954 1661 1151 1745 Philoponusr

78 1772 215 1854 quocirca
228 1770 288 1853 leg.
310 1770 451 1854 conjicio,
474 1781 509 1832 ut
529 1771 608 1832 dixit
626 1774 680 1840 ‘lec
693 1776 725 1837 δὲ
742 1777 842 1836 τοῦτο
858 1773 973 1852 berturi.
988 1767 1052 1845 tel,
1067 1771 1155 1843 lilim

80 1885 175 1945 τοῦτο
193 1881 304 1960 ἀριθμῷ.
346 1874 495 1938 Credibile
515 1887 560 1938 est
584 1899 672 1954 eum,
693 1875 868 1938 memoriter
887 1893 1005 1935 versum
1024 1874 1154 1937 recitan-

79 1994 152 2060 tem,
173 1984 238 2065 ipsa
257 1981 347 2044 rerba
367 1982 468 2042 minus
482 1993 621 2044 accurate
634 1980 814 2042 exhibuisse.
856 1978 986 2040 Sturzius
1001 1999 1069 2040 vero
1083 1999 1156 2042 cum

80 2086 121 2148 his
142 2086 241 2150 verbis
267 2097 423 2168 comparat
441 2086 699 2169 Pythagoreorum
718 2083 814 2146 illud:
842 2088 942 2168 ἀριθμῷ
960 2088 995 2150 ld
1013 2111 1048 2152 cr
1067 2084 1155 2153 aas?

81 2199 203 2269 ἐπέοικε,
222 2203 252 2254 et
271 2190 435 2274 legendum
456 2193 616 2273 proponit:

239 2327 320 2347 -
340 2302 365 2362 ol
389 2299 423 2361 δέ
441 2323 476 2362 τι
496 2304 597 2365 τοῦτο
618 2301 720 2382 holuit
740 2298 828 2365 πάντ’
848 2303 969 2366 ἐπέοικε.

83 2403 141 2464 lloc
160 2424 232 2467 vero
253 2424 271 2464 a
292 2400 455 2485 Philoponi
475 2403 624 2464 sententia
644 2425 765 2487 prorsus
786 2403 929 2466 alienam.

119 2508 169 2570 llr.
190 2507 262 2568 455.
304 2513 403 2586 Βονβὼ
432 2517 616 2568 memoratur
642 2507 674 2567 in
696 2507 805 2592 Orphei
827 2508 934 2591 fragm.
956 2506 1039 2592 quod
1060 2515 1158 2568 exstat

86 2611 161 2693 apud
181 2611 327 2672 Clement.
347 2609 434 2671 Alex.
455 2609 588 2672 Admon.
610 2611 696 2672 Gent.
717 2631 749 2692 p.
771 2610 819 2688 17,
833 2611 962 2673 relatum
975 2613 1009 2672 in
1022 2610 1158 2694 Orpbicis

86 2715 130 2777 ed.
157 2718 257 2778 llerm.
285 2715 323 2778 fr.
345 2716 426 2792 XVI,
457 2735 489 2797 p.
511 2713 590 2791 475,
618 2715 802 2777 illustratum
822 2737 840 2776 a
859 2715 988 2777 Lobeck.
1008 2715 1157 2801 Aglaoph.

88 2821 127 2895 ll,
152 2820 186 2897 6,
215 2842 247 2902 p.
277 2818 338 2880 818
364 2840 408 2903 sq.
434 2815 561 2880 lfichael
586 2818 699 2880 Psellus
719 2819 757 2880 de
777 2819 930 2903 quorund.
951 2821 1054 2882 Graec.
1075 2822 1157 2904 opin.

88 2945 117 3006 p.
130 2924 187 2986 139
204 2924 267 3009 (cit.
277 2922 408 2984 Lobeck.
417 2945 449 3007 p.
460 2921 545 3004 823.)
560 2923 658 2998 refert,
671 2923 703 2984 in
714 2921 850 3004 Orphicis
865 2911 1026 2985 memorari
1037 2945 1159 3008 quoquc

89 3029 204 3090 Baubo
225 3027 346 3111 (llabo)
368 3027 540 3111 quandam,
561 3027 649 3090 deam
669 3029 828 3112 geniumve
848 3032 1051 3090 nocturnum:
1068 3034 1159 3098 ὀἰοσῃ

92 3143 139 3214 γάρ
158 3163 213 3204 που
232 3143 295 3210 τοῖς
315 3134 460 3215 Ὀρφικοῖς
479 3138 558 3202 ’ἐποοι
578 3141 680 3214 uado
700 3162 748 3211 τις
768 3139 953 3216 ὀνομαζομένη
974 3137 1076 3216 lulum
1096 3164 1161 3204 ιυιο-

93 3254 191 3322 suast,
221 3248 362 3320 Ιπιμιιιιῆς
390 3248 425 3308 cl
450 3249 552 3322 σχῆμα
579 3245 769 3316 κοιΙόιοοοΙΣιις
794 3252 846 3314 τὴν
868 3243 960 3321 drap}
984 3291 992 3308 .
1034 3243 1071 3304 Et
1089 3262 1161 3304 sanc

93 3357 236 3409 nocturno
264 3345 385 3407 numini
414 3343 494 3405 illud
522 3365 637 3407 nomen
667 3347 780 3429 optime
811 3345 965 3428 congruit,
997 3356 1161 3429 cognatum

94 3453 196 3537 quippe
224 3452 316 3514 verbo
346 3457 470 3532 βαυβᾷν,
495 3450 580 3534 quod
598 3451 647 3512 vel
665 3455 780 3532 sopire,
804 3450 854 3515 rel
874 3451 1017 3528 dormire,
1042 3453 1163 3512 oscitari

95 3567 179 3619 notat.
222 3556 308 3618 llnde
336 3556 461 3618 forsitan
488 3554 617 3632 efficias,
645 3555 859 3638 Empedoclem
879 3563 977 3636 Βιυβι)
998 3554 1162 3639 appellasse

96 3679 152 3722 non
171 3662 270 3744 ipsum
291 3672 424 3724 ventrem
443 3664 567 3738 (κοιλίαν
584 3657 738 3743 hesych),
759 3660 812 3722 sed
830 3659 941 3722 ventris
960 3657 1161 3741 voluptatem,

97 3785 164 3844 quae
188 3766 420 3828 somnolentiam
445 3755 535 3849 parit.
577 3765 730 3827 Caeterum
753 3765 786 3824 in
806 3764 866 3824 hoc
887 3785 1008 3848 quoque
1028 3763 1165 3844 agnosci·

99 3885 156 3929 uus
180 3870 259 3934 illius
285 3890 401 3932 morem
426 3869 562 3931 sabulosa
590 3869 716 3930 nomina
744 3867 901 3951 allegorice
927 3866 1163 3952 interpretandi:

101 3968 136 4028 cf·
156 3985 258 4048 annot.
278 3975 318 4038 ad
338 3997 380 4038 vs.
403 3973 443 4037 56
463 3997 508 4059 sq.
529 3996 561 4059 p.
585 3973 641 4036 181
665 3996 709 4058 sq.

136 4075 181 4138 llr.
201 4080 270 4145 456.
313 4082 351 4144 In
371 4079 429 4144 bac
449 4080 581 4145 Platonis
600 4080 748 4144 sententia
767 4077 846 4142 illud
858 4077 943 4164 quod
954 4078 1087 4163 primum
1100 4097 1165 4144 me-
