2796 4914
282 411 346 474 tto
678 423 726 470 or
748 410 966 470 nnrnnocnrs

281 591 343 666 sed
378 586 609 688 praeclariora
647 586 842 687 quaedam:
875 588 979 678 haec,
1001 611 1097 686 quae
1126 585 1346 684 adspicimus,

252 757 255 766 ν
281 711 417 811 fragilia
448 723 553 800 sunt,
584 707 643 782 illa
674 733 759 784 vero
786 722 949 801 aeterna3
975 706 1064 780 haec
1091 721 1269 800 concreta,
1298 708 1345 780 illa

281 831 467 932 simplicia3
495 829 584 904 haec
609 830 650 902 iu
676 846 869 927 conspectu
896 829 1007 928 posita
1030 841 1068 902 et
1093 827 1256 902 sensibus
1277 855 1345 902 cer-

281 967 444 1046 nuntur,
476 952 535 1026 illa
569 979 590 1024 a
626 976 735 1052 sensu
763 964 897 1024 remota
928 948 1023 1024 siout
1045 965 1198 1024 naturae
1231 953 1346 1049 species

210 1100 214 1108 ·
283 1101 397 1176 purae
421 1073 635 1172 mortalique
659 1073 757 1146 faece
777 1074 974 1164 immunes,
988 1115 1035 1130 -·
1054 1072 1192 1174 quibus
1215 1073 1344 1148 demum

283 1197 404 1272 mixtis
429 1197 524 1268 inter
549 1221 587 1268 sc
609 1208 646 1268 ct
672 1194 937 1284 contaminatis,
963 1194 1092 1266 mnndi
1116 1221 1263 1293 corpora
1284 1221 1345 1266 res·

282 1344 356 1420 que
376 1329 527 1390 naturae
548 1316 720 1390 exstitisse
743 1315 838 1405 vult,
858 1313 1036 1407 mortalia,
1051 1328 1095 1387 ut
1110 1314 1212 1406 dicit,
1230 1341 1278 1389 cx
1291 1317 1345 1386 in-

281 1436 490 1512 mortalibus
505 1437 597 1512 facta
607 1445 667 1508 ⁹0.
700 1439 798 1534 Ergo
814 1435 1036 1534 intelligitur,
1049 1461 1122 1534 qua
1135 1437 1273 1510 ratione
1286 1436 1344 1509 ele-

281 1574 401 1634 menta
425 1570 470 1632 ut
497 1557 636 1633 divinas
662 1571 810 1630 naturas
834 1553 1018 1629 individua
1041 1556 1159 1630 dicere
1187 1559 1345 1655 potuerit,

281 1681 479 1781 eademque
503 1704 631 1752 rursus
653 1677 790 1751 mortali
816 1674 941 1748 habitu
963 1675 1092 1750 induta
1113 1679 1151 1750 in
1174 1677 1344 1776 particulas

273 1817 316 1876 *et
337 1804 467 1876 formas
488 1798 717 1876 diviseritffl.

781 2057 858 2141 gs.

329 2295 536 2369 Videndum
555 2317 675 2390 porro,
699 2317 796 2392 quae
824 2294 868 2367 sit
893 2293 1155 2368 elementorum
1179 2297 1232 2371 vis
1253 2309 1343 2394 atque
1388 2369 1389 2437 t

277 2415 424 2489 indoles.
474 2413 608 2486 I'ndidit
626 2415 668 2487 iis
684 2414 797 2489 varias
818 2428 855 2488 et
875 2415 1048 2512 oppositas
1068 2414 1268 2515 qualitates,
1289 2441 1343 2487 na-

277 2538 362 2612 turd
383 2537 468 2636 ipsis
486 2535 732 2626 inhaerentes,
756 2547 798 2607 nt
817 2529 977 2608 ¹calidum
998 2535 1190 2636 frigidum,
1219 2537 1342 2610 aridum
1387 2571 1388 2592 .

280 2657 492 2751 humidum,
510 2657 616 2731 molle
633 2657 786 2748 durum,
806 2656 886 2732 leve
909 2684 1034 2754 grave,
1057 2660 1204 2756 nigrum
1222 2657 1342 2745 album,

278 2777 384 2853 dulce
404 2779 593 2872 acerbum,
616 2777 694 2852 alia.
746 2780 846 2871 Quas
864 2778 1052 2878 qualitates
1068 2780 1249 2879 quomodo
1265 2782 1342 2851 inter

277 2901 334 2974 illa
358 2900 593 2993 distribuerit,
615 2900 679 2974 etsi
700 2899 746 2972 dc
762 2897 929 2973 omnibus
946 2925 1023 2973 non
1041 2903 1273 2975 manifestum
1287 2911 1342 2984 est,

210 3097 213 3102 .
277 3023 322 3125 de
353 3023 533 3122 plerisque
563 3037 684 3096 tamen
712 3021 837 3121 liquet.
889 3020 969 3118 Igni
996 3021 1122 3094 tribuit
1144 3021 1296 3095 calidum
1314 3031 1340 3090 et

277 3141 399 3217 album
418 3171 445 3217 a.
470 3134 678 3234 mndidum3
703 3167 820 3243 aquae
843 3143 988 3241 nigrum
1014 3156 1050 3214 et
1073 3141 1263 3241 frigidum3
1281 3156 1340 3213 ter
1384 3211 1385 3230 χ

278 3290 339 3338 rae
371 3264 507 3338 durum
536 3277 576 3338 'et
603 3271 788 3366 grave9²;
818 3265 909 3348 adri,
941 3277 984 3336 ut
1017 3263 1179 3357 videtur,
1212 3264 1288 3338 leve
1313 3271 1341 3332 et

309 3419 366 3490 (9⁰)
383 3419 441 3472 vid.
462 3418 566 3489 Emped.
595 3435 631 3472 va.
651 3422 705 3484 178.
729 3419 837 3472 Tractat
860 3437 967 3492 quoque
988 3420 1055 3471 hanc
1072 3421 1249 3490 quaestionem
1264 3419 1340 3471 Ritter.
1383 3425 1384 3456 t

275 3511 325 3564 Lit.
342 3508 459 3563 Analekt.
476 3511 516 3562 ed.
528 3508 603 3564 wolt
620 3510 665 3572 IV,
681 3526 706 3578 p.
726 3509 776 3572 430
794 3527 831 3581 aq.

307 3599 366 3671 (9¹)
384 3599 452 3652 Hinc
468 3600 540 3671 quod
557 3598 635 3652 modo
653 3601 796 3671 διαιρετά,
814 3603 890 3655 modo
909 3602 1062 3674 ἀδιαίρετα
1079 3601 1204 3655 dicuntur
1223 3600 1255 3652 ab
1271 3600 1339 3666 intpp.

160 3736 164 3746 ,
274 3690 429 3744 Themistiua
438 3689 466 3740 in
478 3689 584 3742 Aristot.
594 3688 628 3742 de
639 3689 681 3743 Pr.
693 3691 757 3760 phil.
770 3692 787 3744 s.
804 3694 847 3755 alr,
866 3693 893 3745 in
907 3691 993 3748 Schol.
1006 3695 1081 3746 tritt
1095 3710 1119 3763 p.
1131 3695 1179 3744 812
1191 3710 1222 3744 a:
1249 3687 1338 3740 »tnti-

275 3780 423 3833 viaibilia
445 3783 610 3847 Anaxagorae
635 3787 662 3832 et
684 3782 846 3850 Empedoclis
871 3782 1016 3849 elementa,
1040 3803 1070 3837 ea
1091 3801 1158 3856 quae
1176 3793 1250 3847 aunt,
1273 3791 1338 3830 exeo
1381 3845 1382 3848 Ἴ

276 3868 347 3938 qnod
364 3877 423 3920 acto
442 3877 489 3931 eat,
509 3867 566 3920 fleri
584 3875 706 3937 cogunt”
741 3871 886 3942 Simplicius
903 3873 937 3925 de
954 3875 1023 3928 Coei.
1041 3879 1090 3928 111.
1107 3878 1121 3929 f
1145 3877 1190 3937 r5l
1208 3879 1240 3926 B:
1262 3871 1338 3934 Ἐμπ-

278 3959 405 4030 dempta&
420 3963 470 4025 ple
486 3977 549 4030 φησι
561 3965 745 4032 τὰστοιχεῖα·
765 3963 796 4016 oti
817 3967 870 4032 γὰρ
883 3966 1001 4029 ἀτόμους
1018 3972 1067 4027 τὰς
1081 3969 1168 4038 ἀρχὰς
1183 3968 1338 4032 ὑποτίθησιν

276 4037 369 4121 orirer,
388 4053 421 4114 ὧς
440 4056 466 4107 οἷ
484 4057 552 4126 mpl
571 4055 756 4128 Δημόκριτον.

308 4145 365 4212 (9²)
382 4145 441 4199 vid.
461 4148 609 4202 Aristotelea
625 4151 659 4204 de
675 4151 768 4204 Gener.
786 4155 812 4202 et
830 4149 904 4201 Corr.
922 4151 944 4210 Ι.
968 4165 990 4203 ιε
1004 4163 1030 4218 p.
1044 4147 1106 4216 3853
1124 4151 1251 4204 Plutarclt
1266 4147 1339 4201 deit.
