2768 4910
450 427 689 476 summersus.
1045 413 1106 476 443

50 590 148 690 digeri
178 593 368 691 ornarique
399 593 583 690 coepisset,
613 593 699 666 inde
723 592 804 684 loci,
832 596 946 691 pergit
971 593 1109 666 Lucre·

50 712 111 785 tius
123 713 201 805 ¹⁶⁹,

359 831 483 915 (Tellus)
502 831 640 894 mortalia
660 832 752 894 eorda
772 834 883 896 crearit

196 935 290 1000 llultn
310 937 407 1000 modis
427 937 529 1000 multis
549 939 630 1000 veria
648 940 764 1002 ratione
784 939 901 1005 creatisz
932 986 941 1000 .

49 1103 144 1178 quem
174 1077 379 1152 mortalium
409 1083 690 1179 procreationem
722 1106 827 1178 porro
859 1081 948 1154 mira
976 1083 1137 1157 ratione·

50 1197 213 1292 describit,
244 1200 399 1300 lingens,
431 1202 614 1276 Tellurem
644 1227 774 1278 novam
797 1201 912 1276 multo
938 1201 1051 1276 calore
1074 1218 1111 1278 et

50 1319 185 1394 humore
218 1335 476 1420 praegnantem
505 1320 677 1396 folliculos
702 1346 748 1396 ex
771 1346 808 1396 se
832 1323 1004 1423 quosdam
1028 1339 1110 1398 ute·

51 1425 323 1516 rornm'similes
353 1443 558 1542 protulisse,
585 1443 718 1544 quibus
744 1444 948 1516 maturitate
975 1445 1109 1543 ruptis,

51 1575 156 1636 tenera
181 1564 344 1640 animalia
368 1578 404 1638 et
432 1565 586 1638 infantes
609 1563 764 1664 prodisse
784 1571 863 1636 1⁷0.
915 1565 1003 1638 Mira
1025 1593 1111 1642 sane

51 1680 140 1778 haec,
156 1712 277 1788 neque
296 1687 407 1786 magis
422 1701 543 1762 temen
558 1684 730 1759 mirabilia
744 1711 853 1785 quem
866 1711 959 1785 quae
971 1689 1111 1786 Empe-

51 1801 148 1880 docles
171 1822 395 1882 commentus
419 1821 482 1882 est.
524 1807 677 1882 Putabat
693 1806 870 1899 videlicet,
888 1821 1019 1880 terram
1035 1833 1110 1880 non

52 1952 112 2000 uno
133 1929 268 2026 impetu
291 1943 342 2002 tot
364 1955 404 2001 ac
425 1929 511 2002 tales
533 1928 743 2002 animalium
765 1919 897 2028 ligures
921 1928 1026 2002 edere
1046 1955 1110 2028 po·

52 2049 158 2138 tuisse,
175 2049 236 2122 sed
260 2048 305 2121 ab
325 2051 463 2148 exiguis
483 2049 709 2149 rudibusque
730 2075 890 2123 exorsum
910 2050 1109 2148 principiis,

51 2168 213 2263 pedentim
236 2169 282 2243 ad
310 2169 430 2245 altiora
452 2196 668 2269 progressam
697 2195 782 2242 esse.
831 2171 970 2262 Finxit,
994 2172 1110 2268 primo

53 2289 169 2390 singula
193 2291 354 2395 membra
381 2292 419 2364 in
441 2293 561 2368 lucem
583 2291 693 2383 edite,
716 2293 872 2368 viventia
897 2291 1027 2364 scilicet
1050 2291 1108 2366 ille

53 2433 83 2478 ae
105 2425 234 2488 temere
261 2414 477 2488 oberrantia:
507 2414 624 2488 oculus
648 2415 724 2486 sine
743 2413 869 2507 vultu,
892 2416 1004 2514 capita
1026 2441 1108 2488 cer-

53 2529 173 2606 vicibus
201 2534 306 2630 orba,
339 2534 481 2608 brachia
510 2535 672 2608 humeris
688 2543 765 2606 ¹⁷¹.
817 2535 912 2608 Haec
938 2536 1110 2610 exstitisse

54 2643 125 2723 dixit
145 2655 345 2730 secundum
365 2655 589 2730 Aristotelem
604 2652 661 2730 ἐπὶ
677 2658 735 2745 τῆς
751 2657 928 2744 ψιλότητος
940 2667 952 2702 ¹
963 2664 1018 2748 ⁷2,
1035 2657 1060 2728 i.
1076 2681 1109 2728 e.

53 2767 83 2838 in
97 2797 197 2873 regno
213 2779 411 2870 Amicitiae3
428 2777 525 2877 quod
540 2791 635 2850 reete
648 2780 697 2850 sic
711 2777 876 2875 explanet
888 2776 1106 2873 Simplicius:

54 2893 99 2964 οὐκ
118 2891 146 2968 ἓν
171 2901 212 2996 τῇ
239 2895 434 2998 ἓπικρατεὶρε
456 2902 514 2990 τῆς
538 2900 650 2980 Φιλῖας
673 2905 783 2972 ταῦτα
803 2899 896 2995 λέγει
916 2893 1063 2996 γίνεσθαι
1092 2899 1109 2970 o‘

54 3007 277 3113 Ἐμπεδοκλῆς,
298 3023 339 3102 ὡς
360 3020 504 3118 ἐνόμισεν
526 3023 542 3096 d
561 3019 774 3118 Ἀλέξανδρος
781 3072 794 3111 ,
816 3017 912 3094 ἄλλα
933 3018 1030 3110 τότε,
1052 3017 1108 3094 ὅτε

54 3135 126 3210 οὕτω
141 3144 177 3216 το
193 3149 311 3226 Νεῖκος
329 3149 423 3220 teratu
444 3143 615 3238 ἐξέστηκεν
634 3143 701 3219 ἓπί
716 3149 858 3243 ἔσχατα
876 3143 1029 3239 τέρματα
1046 3139 1108 3215 κύ·

53 3261 145 3336 κλον.”
162 3323 170 3342 .
188 3325 197 3343 .
223 3265 281 3342 ἐπὶ
299 3272 358 3358 τῆς
374 3271 550 3358 Φιλότητος
570 3265 622 3343 οὖν
641 3269 658 3342 ὁ
676 3264 900 3363 Ἐμπεδοκλῆς
918 3262 1021 3338 ἓκεῖνα
1037 3264 1110 3362 (pt-

53 3380 154 3483 νετθαι)
176 3385 281 3482 εἶπεν,
306 3389 374 3492 οὐχ
404 3393 444 3472 ὡς
474 3388 712 3490 ἐπικρατούσης
742 3387 800 3481 ἤδη
829 3392 887 3478 τῆς
913 3387 1108 3478 Φιλότητοι,

54 3497 118 3574 ἀλλ’
137 3512 175 3591 ὡς
196 3520 383 3608 μελλούσης
404 3513 607 3613 ἐπικρατεῖν,
626 3519 675 3590 ἐ’τν
699 3512 735 3591 de
753 3514 800 3589 τα
819 3513 951 3609 ἄμικτα
970 3513 1027 3586 κα)
1043 3537 1107 3606 μο-

53 3625 148 3718 tipum
171 3632 327 3726 δηλοῦτης
342 3646 422 3714 ¹⁷³.

78 3768 142 3840 (¹69)
158 3778 261 3834 Lucret.
274 3781 306 3844 V,
326 3785 374 3850 789
392 3799 431 3852 sq.

79 3865 142 3927 (¹70)
159 3868 229 3922 Idem
248 3874 279 3936 V,
301 3853 423 3942 79p·815.

78 3946 140 4018 (¹7¹)
157 3957 212 4012 Vid-
231 3962 379 4030 Empedocl.
395 3979 443 4014 νον.
463 3961 586 4025 edu-234,
608 3969 634 4012 et
652 3962 794 4012 Gemmeus.
808 3958 835 4009 in
855 3960 880 4010 h.
900 3956 916 4007 1.
936 3973 963 4025 p.
984 3955 1028 4010 231
1053 3973 1092 4028 sq.

79 4037 143 4104 (172)
159 4047 259 4102 Aristot.
272 4051 304 4104 de
317 4055 379 4106 Gen.
391 4051 473 4108 Anim.
486 4055 513 4112 Ι,
530 4054 566 4116 18,
579 4067 608 4120 p.
620 4051 668 4113 Sed
679 4067 716 4122 sq.
729 4051 761 4102 de
773 4047 851 4102 Coelo
865 4051 920 4108 111,
935 4062 963 4108 ν,
978 4063 1005 4114 p.
1017 4045 1063 4108 371
1078 4050 1106 4098 A.

79 4122 140 4193 (¹73)
158 4135 264 4206 Simplic.
282 4142 311 4194 in
332 4143 434 4196 Aristot.
455 4141 488 4195 de
504 4143 582 4196 Coelo
604 4144 620 4202 l.
641 4144 658 4194 l.
680 4143 696 4194 f.
720 4143 766 4205 xdd
788 4144 823 4200 Β,
842 4139 869 4190 in
892 4135 977 4188 schol.
1003 4135 1105 4186 tristor.
