2768 4910
454 407 692 470 »mosomo
834 349 835 354 Ν
1046 395 1111 460 ooo

59 591 261 676 congruunt,
296 574 426 648 horum
460 577 565 650 ctiam
596 573 762 672 r'rrrop’p‘ritr
790 572 855 646 sibi
890 587 1018 648 mutuo
1052 601 1113 648 re-

59 698 210 796 spondere
245 723 387 773 necesse
424 713 488 770 est.
543 699 593 770 De
628 696 775 796 singulis
799 721 884 773 vero
911 695 1018 770 rebus
1045 724 1112 771 ouo

58 818 118 892 loco
138 819 262 894 dicturi
288 846 435 912 sumus3
458 817 546 892 haec
569 819 649 891 satis
676 818 720 891 ad
745 816 1111 916 deducendumque

57 943 172 1016 ratione
202 941 431 1042 Empedocles
465 939 641 1014 elemento
678 941 782 1014 variis
817 938 928 1012 modis
953 941 1047 1013 inter
1072 967 1109 1014 se

57 1062 173 1136 misceri
206 1077 243 1138 et
273 1089 416 1163 corpora
449 1075 522 1134 tam
553 1087 657 1160 agere
688 1063 727 1134 in
756 1087 793 1134 oe
820 1062 975 1136 invicem
998 1088 1108 1160 quam

55 1186 113 1277 pati
130 1185 294 1260 docuerit.

520 1316 617 1401 sro.

77 1549 301 1648 'Empedoclis
321 1549 533 1623 sententiam
555 1575 640 1624 cum
661 1549 834 1649 Leucippi
858 1561 894 1621 et
917 1549 1110 1624 Democriti

54 1667 165 1766 placitis
185 1683 364 1768 comparat
385 1670 603 1761 Aristoteles,
627 1696 713 1745 cum
740 1669 873 1770 quibus
896 1668 954 1744 ille
978 1671 1109 1766 partim

53 1793 200 1884 concinit,
215 1792 345 1890 partim
372 1790 556 1890 discrepat.
602 1793 781 1893 Utrique,
801 1791 865 1866 etsi
884 1790 1033 1868 diversis
1051 1793 1108 1864 usi

53 1910 411 2004 elementis‚ooncureu
422 1926 543 1986 tamen
558 1913 818 1988 elementorum
831 1939 887 1988 res
897 1911 1058 2004 formdri,
1069 1926 1106 1986 et

53 2035 227 2108 eorundem
250 2033 472 2108 exhalatione
500 2061 644 2134 corpora
666 2037 796 2110 mutari
823 2037 993 2135 varieque
1015 2034 1106 2109 affici

53 2166 249 2248 statuerunt3
268 2152 332 2230 s'ed
350 2156 400 2229 illi
416 2183 481 2256 per
500 2184 689 2230 vacuum
711 2156 891 2256 quoddam
916 2156 1105 2255 particulae

52 2272 115 2347 istas
142 2277 292 2354 influere
325 2280 468 2369 volunt,
502 2278 731 2378 Empedocles
760 2304 826 2379 per
858 2305 1001 2379 poros.
1052 2279 1105 2350 Ita

52 2390 213 2496 distinguit
230 2400 449 2474 Aristoteles:
472 2399 579 2500 ὥσπερ
599 2399 825 2498 Ἐμπεδοκλῆς
844 2405 902 2477 coi
917 2405 979 2478 τῶν
997 2401 1106 2478 ἄλλων

51 2516 116 2597 τινές
143 2525 229 2615 <poor
249 2519 404 2622 πάσχειν
430 2521 497 2598 dria
521 2528 595 2599 τῶν
616 2525 669 2598 rrc'
679 2554 694 2622 p
707 2554 777 2618 ιον,
799 2524 884 2600 οὕτω
904 2523 1107 2625 (Λεύκιππός

51 2640 130 2738 Φνοι)
151 2648 266 2720 woicam
288 2644 461 2722 ιἰλλοίιοοιν
487 2650 544 2722 cori
571 2651 640 2724 noir
660 2651 699 2722 rt
722 2647 878 2749 ποίοχειν
907 2658 1023 2724 τοῦτον
1049 2650 1106 2748 ‘yi-

49 2761 136 2839 νεοθοιι
147 2768 199 2842 νον
210 2769 348 2866 τρόπον,
367 2767 439 2844 datr
455 2764 532 2845 τοῦ
550 2763 669 2845 ιιενοῦ
686 2813 734 2826 -
748 2772 945 2870 γιγνομένης
959 2775 1017 2862 τῆς
1030 2770 1106 2847 διοι-

47 2888 148 2969 λύοειοο
173 2893 228 2966 cori
252 2894 310 2981 τῆς
334 2889 484 2989 φθορᾶς,
511 2894 625 2989 ὁμοίως
649 2891 685 2970 δὲ
709 2894 766 2968 κιο)
788 2898 846 2983 τῆς
870 2893 1032 2986 αὐξήσεως
1054 2933 1101 2951 -

49 3010 383 3109 ὑπειοὸνομένων
415 3021 669 3113 crepacem.

84 3133 129 3206 De
161 3162 275 3210 vacuo
308 3151 434 3210 notum
464 3153 517 3212 est
543 3152 678 3238 quanta
707 3139 819 3212 fuerit
844 3140 938 3211 inter
965 3151 1104 3213 veteres

47 3248 184 3351 physicos
211 3272 248 3330 et
274 3257 499 3357 philosophos
525 3262 719 3352 contentio,
744 3259 819 3332 aliis
846 3258 982 3332 ratione
1010 3257 1103 3331 duce

47 3393 180 3450 vacuum
198 3377 252 3471 (τὸ
271 3381 369 3478 neoto)
389 3394 561 3481 tanquam
580 3408 652 3456 non
671 3408 735 3456 ens
753 3380 859 3484 plane
879 3377 1101 3471 tollentibus,

46 3487 105 3566 aliis
128 3500 200 3574 sine
225 3501 293 3575 hoc
316 3501 456 3575 nullam
479 3503 757 3578 vicissitudinem
777 3504 855 3578 fore
879 3501 1104 3576 contenden-

70 3647 114 3706 (ιν)
131 3649 311 3703 Aristotetert
332 3651 351 3702 1.
370 3668 396 3721 p.
417 3651 466 3720 ³96
487 3653 518 3703 D.
552 3651 649 3706 Ultima
664 3654 742 3706 rerba
762 3652 798 3705 ric
814 3653 941 3722 jungenda
958 3659 1033 3704 runt:
1055 3650 1103 3703 διὰ

46 3735 85 3782 τοῦ
104 3745 178 3793 ιιινοῦ
200 3777 208 3793 .
230 3741 504 3808 ..ὕπεισδυομένων
521 3745 654 3814 στερεῶν,
681 3760 733 3794 non
751 3745 819 3796 sicut
837 3744 914 3810 vulgo
933 3743 1032 3800 scienta
1054 3746 1102 3797 διὰ

46 3830 84 3878 τοῦ
101 3839 174 3887 κενοῦ
188 3839 350 3907 γιγνομένης
364 3842 413 3906 τῆς
431 3827 590 3898 διαλύσιος.
608 3835 693 3890 Verba
710 3841 912 3906 γιγνομένης..
926 3873 934 3889 .
947 3843 996 3906 τῆς
1013 3837 1101 3908 αὐξή-

46 3932 97 3980 ῦθνς
111 3924 134 3974 in
149 3929 297 3995 parenthesi
315 3929 407 4000 posita.
443 3929 524 3988 Vult,
544 3946 647 3981 omnem
666 3919 775 3982 notor-ae
792 3927 961 3982 mutationem
977 3922 1012 3982 eo'
1030 3929 1101 3992 fieri,

45 4013 111 4076 quod,
129 4019 230 4088 quando
249 4037 289 4074 reo
310 4027 429 4072 crescant
447 4019 500 4074 vei·
512 4019 646 4082 occidant,
671 4020 765 4073 solidae
789 4019 931 4090 particulae
950 4036 999 4090 per
1018 4037 1101 4076 vacuo

46 4105 111 4167 spoia
130 4107 235 4161 intrent.
