2814 4906
484 441 724 490 arumnorum.
1035 413 1038 418 ⁵
1077 432 1140 494 515

59 604 216 702 jejunia,
233 605 472 698 lustrationes,
490 631 531 678 eo
546 606 767 704 spectabant,
790 620 832 680 ut
849 608 989 681 animus
1003 608 1138 684 buma-

59 727 122 796 nis
144 723 397 822 cupiditatibus
419 723 558 796 solutus
583 724 626 796 ad
650 724 770 799 divina
792 727 907 800 studia
924 729 1137 827 erigeretur,

59 859 100 917 et
119 846 214 917 sicci
229 847 465 948 contingeret,
483 846 537 919 rba
550 850 609 940 μὲν
626 831 776 944 πρὸτερον
792 845 1037 948 ἀποδυοοομέοῳ
1051 850 1138 945 βίον,

59 966 109 1044 εἷς
131 961 167 1040 de
186 966 240 1038 rba
254 962 387 1058 ,βελτλώ
406 965 660 1065 ολποοτρὲψοοντι
676 980 736 1060 4⁴,
755 984 791 1042 et
812 971 849 1041 in
873 970 938 1042 hac
956 971 1026 1044 vita
1052 997 1137 1044 cum

56 1088 136 1157 Diis
159 1085 287 1158 babere
310 1090 579 1178 commercium,
612 1104 648 1162 et
679 1092 924 1187 inposterum
950 1091 991 1162 ad
1017 1090 1137 1164 beato·

56 1231 146 1278 rum
158 1203 391 1300 domicilium,
404 1205 521 1280 locum
540 1209 740 1282 animorum
756 1223 906 1282 naturae
919 1236 1137 1309 congruum,

56 1328 193 1400 reverti
208 1336 265 1400 4⁵.
316 1330 469 1419 Quando
494 1330 594 1402 enim
619 1329 761 1401 animus
778 1355 843 1427 per
860 1328 960 1403 initia
977 1331 1137 1404 sordibus

55 1460 235 1545 purgatus
259 1461 296 1519 et
320 1447 469 1547 caligine
486 1447 656 1522 liberatus
671 1450 732 1540 sit,
750 1464 829 1521 tum
845 1453 921 1547 pari
938 1451 1135 1523 furorem

54 1568 184 1658 illum,
209 1570 273 1666 qui
297 1594 368 1640 non
395 1593 441 1640 ex
459 1569 607 1643 alienata
623 1585 744 1644 mente
761 1570 819 1646 vel
835 1569 996 1642 sensibus
1012 1573 1136 1663 oritur,

55 1689 122 1762 sed
142 1679 266 1762 divin'o
290 1687 411 1761 afflatu
438 1690 643 1762 accenditur
665 1693 721 1760 ⁴⁶:
748 1690 813 1762 boc
833 1691 956 1763 furore
978 1689 1137 1789 implen-

55 1803 123 1882 tur‘
148 1823 243 1880 vates
267 1822 304 1882 et
328 1808 466 1901 herotis,
497 1813 562 1910 qui
586 1825 758 1910 tanquam
783 1810 831 1882 dii
856 1811 949 1883 inter
974 1811 1137 1884 mortales

55 1945 261 2021 versantur,
293 1931 409 2029 qualis
441 1932 515 2030 ipse
551 1931 615 2005 sibi
640 1930 828 2006 videbatur
853 1928 919 2011 debr
944 1931 1135 2030 ἄμβροτος,

55 2051 169 2126 οὐκέτι
192 2049 368 2140 tracon:
395 2054 449 2126 his
470 2068 506 2128 et
530 2055 601 2128 vita
624 2052 726 2125 beata
748 2065 881 2148 etpost
904 2067 1054 2127 mortem
1076 2077 1137 2126 re·

54 2174 157 2246 ditus
180 2175 218 2246 in
245 2176 382 2248 coelum
407 2189 561 2272 paratus.

121 2360 267 2463 ’Ὄλβιος
291 2370 324 2446 ὃς
347 2365 429 2442 θείων
455 2363 622 2464 πραπίδων
647 2361 811 2453 ἐκτήσατο
835 2373 991 2459 πλοῦτον,

132 2488 236 2570 δειλὸς
258 2489 287 2564 d’
312 2487 336 2588 ᾧ
359 2491 547 2564 οκοτοέσοοο
570 2485 643 2562 θεῶν
663 2489 735 2584 πέρι
758 2485 837 2576 λέξοι
859 2489 1057 2583 muntem.

91 2753 151 2822 (44)
169 2759 240 2806 κατὰ
265 2756 313 2805 τὸν
342 2753 555 2817 Ἐμπεδοκλέα,
579 2748 650 2800 addit
674 2749 833 2818 Porphyrius
855 2749 886 2800 de
909 2749 1006 2802 thatin.
1026 2753 1052 2813 1,
1076 2753 1090 2814 §
1115 2769 1134 2805 r.

54 2846 155 2914 Recepi
166 2847 259 2898 Sturzii
272 2847 474 2898 emendationem
488 2843 688 2908 ἀποδυσαμέοῳ
699 2855 746 2906 pro
760 2842 969 2909 ἀποδυραμέοῳ.
1004 2838 1136 2892 Plutarch.

55 2935 131 3002 Reip.
152 2949 204 2998 ger.
225 2951 310 3002 praec.
333 2935 390 2985 Vol.
413 2935 469 2996 lX,
487 2953 513 3004 p.
535 2934 582 2984 262
603 2930 689 2984 neiat.
715 2932 913 2993 φιλοπλουτίαν
934 2934 982 2982 κοιλ
1002 2932 1134 3001 polow-

56 3025 189 3088 ματίαν.
209 3061 216 3076 .
236 3059 243 3076 .
262 3032 311 3094 τῆς
333 3032 423 3094 ψυχῆς
441 3027 656 3089 ἀποδυσάμενος.

90 3115 151 3182 (45)
171 3117 226 3166 vid.
244 3117 350 3184 Emped.¹
367 3133 414 3168 raa.
432 3117 551 3178 ost-386.

92 3206 154 3271 (46)
172 3205 240 3257 Coei.
252 3207 337 3258 burel.
352 3207 384 3258 de
397 3207 481 3258 Morb.
496 3205 592 3258 chron.
606 3208 637 3261 V.
648 3205 680 3267 5,
701 3223 727 3274 p.
739 3205 802 3257 325:
818 3204 1012 3274 »Empedoclem
1025 3201 1134 3274 coquen-
1203 3217 1206 3223 ’
1278 3249 1280 3256 ⁴

58 3307 98 3349 tes
121 3297 201 3347 aliona
220 3294 356 3364 (furorem)
371 3296 461 3347 dicunt
479 3295 600 3346 exanimi
613 3303 783 3363 purgamento
798 3294 870 3358 fieri,
889 3293 966 3344 alium
981 3294 1135 3346 alienatione
1202 3337 1206 3344 .

57 3388 154 3440 mentio
182 3403 216 3438 ax
245 3404 322 3440 cauca
343 3388 459 3458 corporis
482 3387 537 3439 circ
553 3383 717 3452 iniquitate?
750 3386 808 3436 Non
829 3391 915 3437 tamen
933 3383 1078 3452 probabile,
1101 3381 1133 3436 ab

58 3476 217 3548 Empedocle
233 3479 315 3548 ipsum
335 3475 489 3529 vocabulum
509 3479 594 3540 μανία
611 3477 720 3528 meliore
738 3476 786 3526 hoc
803 3489 879 3526 censu
897 3481 1050 3542 usurpatum
1064 3489 1134 3536 esce,

59 3569 131 3634 quod
152 3567 214 3619 lecit
230 3567 303 3620 Plato
319 3568 425 3620 Phaedr.
444 3586 469 3637 p,
491 3569 555 3630 2443
574 3566 619 3619 aed
631 3567 676 3636 qui
694 3563 760 3615 illiua
773 3563 918 3615 doctrinam
928 3561 1133 3619 aemulabantur,

61 3659 216 3710 sententiam
235 3657 302 3710 banc
323 3657 398 3710 facilc
419 3659 519 3711 efficere
540 3664 683 3725 potuerunt
703 3671 717 3705 e
738 3670 775 3704 va.
797 3652 826 3714 4ι
850 3667 903 3721 sqq.
928 3651 976 3702 ubi
994 3650 1133 3702 stultorum

59 3753 163 3816 μανίην
179 3745 332 3812 detestatus,
353 3749 432 3800 divini
454 3747 564 3798 numinis
587 3747 699 3797 afflatum
720 3743 766 3794 sibi
788 3740 909 3810 deposcit.

29 3889 32 3898 ,
94 3839 153 3906 (47)
167 3839 272 3908 Emped.
292 3855 329 3890 rs.
349 3838 405 3906 392.
434 3839 519 3904 ,Tetigi
540 3839 587 3888 hoc
608 3851 684 3903 supra
705 3849 729 3900 p.
755 3831 783 3883 31
807 3846 861 3899 sqq.
879 3837 908 3918 et
932 3829 971 3895 69.

93 3932 151 3997 (48)
166 3929 238 3981 Idem
254 3946 292 3982 rs.
311 3926 359 3988 354
376 3945 412 3996 sq.

946 4173 1013 4248 33*
