2814 4906
254 440 317 500 486
648 449 696 494 nn
719 447 937 494 nurnnocnrs

253 618 383 692 mentis
418 615 584 690 conflatos
615 616 770 714 putavit3
797 611 911 686 aciem
939 624 1062 684 tamen
1089 612 1166 686 sive
1196 609 1336 685 videndi

129 739 135 748 ’
253 741 328 814 viro
352 738 428 839 igni
448 735 657 835 praesertim
679 735 872 827 contineri,
889 736 935 806 'ut
959 735 1137 806 testantur
1158 731 1242 832 ejus
1261 759 1336 806 ver-

209 931 212 938 ,
253 889 338 952 sus,
356 859 491 960 quibus
513 859 615 950 dicit,
635 861 734 931 intus
756 859 794 930 in
815 853 908 929 oculi
930 852 1068 954 pupilla
1088 854 1212 953 ignem
1236 835 1337 928 latere

254 1100 434 1174 flammam
462 1101 553 1174 sicut
576 1100 760 1174 lanternae
787 1101 903 1174 facem
931 1111 1121 1196 penetrare
1145 1097 1337 1198 lucemque

253 1221 457 1295 diffundere
482 1229 564 1294 290.
615 1220 714 1314 Quid
749 1218 888 1320 igitur?
937 1218 1037 1293 Num
1062 1218 1156 1292 oculi
1179 1245 1232 1293 ex
1253 1221 1336 1292 Em-

254 1343 407 1440 pedoclis
440 1343 614 1416 sententia
643 1342 724 1416 luce
754 1339 903 1416 externi
924 1365 997 1413 non
1025 1339 1189 1439 indigent
1208 1340 1267 1414 ‘ad
1288 1343 1336 1414 vi·

254 1463 442 1538 dendum‘?
493 1464 567 1537 Hoc
592 1457 762 1562 significat
785 1461 1006 1553 Aristoteles,
1035 1460 1174 1535 dicens:
1202 1464 1337 1560 Empe·

254 1585 392 1658 doclem
424 1586 575 1662 videri
606 1585 829 1676 existimare,
859 1581 1000 1675 ἐξιόντος
1026 1593 1085 1657 τοῦ
1115 1587 1233 1678 <turbe
1261 1586 1337 1680 dt&

134 1040 173 1081 t.
254 981 387 1055 tunicis
418 980 646 1071 involutum,
684 981 839 1053 humore
859 974 1137 1070 circumdatum,
1157 1001 1229 1074 per
1251 1003 1337 1076 quae
1394 1051 1395 1058 χ

254 1735 326 1784 σειν
336 1716 399 1758 ²⁹¹
415 1733 422 1778 :
436 1706 542 1780 'unde
559 1705 740 1805 probabile
757 1719 829 1797 est,
843 1706 948 1780 illum
959 1733 1033 1780 non
1046 1706 1177 1782 diserte
1194 1708 1337 1809 quidem
1396 1799 1397 1814 χ

253 1829 290 1902 id
313 1829 541 1928 explicuisse3
561 1841 737 1917 attamen,
755 1827 784 1900 si
802 1853 876 1902 non
891 1826 997 1922 dixit,
1015 1828 1135 1902 voluit
1152 1844 1268 1922 certe,
1287 1831 1336 1902 in·
1396 1823 1397 1826 '

254 1952 422 2025 teriorem
442 1948 548 2022 illum
570 1949 691 2047 ignem
714 1948 889 2022 exteriore
906 1947 989 2022 luoe
1008 1947 1088 2022 elici
1106 1963 1143 2023 et
1165 1949 1334 2049 adjuvari,

213 2097 218 2109 ·
253 2069 416 2146 similiter
440 2083 484 2143 ut
505 2069 626 2161 Plato,
653 2067 824 2144 tartareo
846 2071 886 2144 rb
906 2069 1114 2169 &peroraris
1136 2071 1333 2168 tpoaov2⁹22

254 2191 452 2293 quodcum
469 2203 541 2264 tota
555 2189 779 2289 Empedoclis
794 2191 881 2264 ratio
893 2189 939 2264 de
949 2190 1130 2284 sensibus,
1148 2207 1235 2266 tum
1246 2219 1336 2293 prae
1397 2209 1398 2248 r

252 2315 376 2388 sertim
409 2336 504 2410 quae
534 2310 580 2384 de
611 2310 799 2386 oculorum
830 2311 1059 2390 fabricatione
1083 2313 1193 2406 dixit,
1227 2314 1336 2388 decla-

252 2449 348 2509 rant.
380 2437 424 2508 In
447 2434 558 2535 ipsius
578 2434 645 2533 qui
662 2448 858 2532 supersunt
876 2433 1038 2510 versibus
1056 2435 1144 2508 haec
1164 2436 1336 2509 fabricatio

253 2583 329 2630 non
352 2555 421 2627 nisi
446 2554 574 2630 leviter
594 2555 773 2654 tangitur,
800 2555 931 2628 clarius
952 2580 1039 2632 vero
1059 2582 1080 2629 e
1102 2556 1336 2658 Theophrasto

253 2677 487 2776 cognoscitur.
524 2673 804 2770 Voluit,=visum
820 2702 894 2749 non
912 2677 985 2750 solo
1010 2703 1056 2752 ex
1075 2679 1150 2778 igni
1168 2694 1337 2766 constare,

254 2798 316 2873 sed
341 2799 416 2898 igni
448 2812 485 2872 et
511 2796 605 2896 aqui
631 2811 873 2897 temperatum
898 2811 974 2872 'esse
995 2802 1060 2890 ita,
1085 2813 1128 2873 ut
1152 2802 1337 2899 utriusque

252 2919 450 3021 particulae
473 2934 509 2993 et
536 2920 613 3020 pori
638 2918 782 2992 alternis
802 2916 979 3018 (ἐναλλὰξ)
999 2918 1166 3019 disposita
1192 2935 1236 2994 et.
1253 2935 1337 2993 arcto

253 3041 400 3116 vinculo
428 3041 586 3140 colligata
613 3041 705 3135 sint,
733 3069 807 3142 quo
834 3057 992 3140 spectare
1016 3041 1161 3117 videtur
1188 3042 1249 3116 ille
1269 3067 1337 3118 ver·

255 3191 332 3240 sus:
367 3165 517 3264 γόμφοις
554 3163 739 3254 ἀσκήσασα
775 3165 1018 3264 κστσστὸργοις
1051 3162 1236 3261 Ἀφροδίτη
1265 3173 1336 3239 ²⁹³.

253 3289 410 3361 Istorum
443 3301 567 3360 autem
597 3287 861 3360 elementorum
892 3286 1047 3359 alterurn
1073 3284 1165 3379 luci,
1191 3287 1337 3361 alterum

178 3389 180 3393 .
255 3408 412 3483 tenebris
437 3424 639 3510 cognatum.
690 3409 801 3480 Porro
826 3419 960 3482 certain
989 3409 1178 3508 requisivit
1202 3423 1337 3507 tempe-

254 3532 363 3624 riem,
397 3559 510 3631 quam
540 3557 614 3604 non
644 3528 796 3603 eandem
828 3529 996 3604 omnibus
1026 3556 1100 3604 esse
1133 3529 1240 3622 dixit,
1281 3528 1338 3602 sed

287 3775 363 3843 (290)
380 3773 488 3843 Emped.
507 3789 544 3825 vs.
563 3771 611 3824 302
629 3787 688 3844 sqq.

287 3866 365 3932 (291)
384 3866 486 3917 aristot.
505 3863 539 3914 de
562 3864 644 3915 Sensu
662 3879 685 3914 c.
706 3879 733 3926 a,
754 3881 779 3932 p.
801 3862 848 3916 bia
867 3865 901 3926 G,
923 3871 951 3916 et
969 3861 1056 3932 paullo
1076 3872 1151 3932 post,
1169 3881 1195 3932 p.
1213 3861 1260 3913 513
1280 3863 1306 3912 C.

291 3955 365 4020 (292)
381 3953 455 4004 Plato
476 3954 541 4006 Tim.
565 3969 591 4022 p.
617 3951 651 4016 ts
672 3955 700 4008 G.
717 3953 750 4005 ci.
770 3952 884 4006 chaleta
903 3955 931 4005 in
948 3953 1013 4006 Tim.
1034 3969 1061 4021 p.
1075 3951 1202 4016 sessu,
1219 3967 1278 4003 curn
1294 3967 1337 4002 an·

257 4050 338 4095 notat.
358 4042 478 4094 Fabricii.
652 4097 656 4106 ⁸
720 4096 722 4104 ,

289 4133 362 4202 (293)
380 4133 487 4202 Emped.
515 4151 550 4187 rs.
576 4136 631 4185 228.
