2756 4912
499 409 672 458 cunutus.
1144 395 1207 462 103

7 577 110 652 nusi
132 573 217 679 quil
241 577 281 652 in
305 575 603 676 praecedentibus
627 575 741 650 forme
765 575 937 650 claudum
961 578 1087 650 fuerit:

87 701 184 774 solem
207 697 332 774 elbum
357 697 525 798 adspectu
550 709 588 772 et
612 698 710 771 omni
734 723 780 773 ex
805 711 905 798 parte
929 697 1102 794 elidum,

87 836 116 896 et
132 820 289 896 eoelestia
306 835 395 922 quot
408 833 615 921 sequuntur
632 833 669 894 et
681 820 849 896 medenti
859 819 986 921 jubare
996 822 1201 921 irrigantur,

87 956 157 1016 tum
178 941 330 1016 imbrem
350 943 494 1041 penitus
515 939 709 1016 obscurum
728 967 770 1017 ne
792 940 982 1042 frigidum,

83 1204 211 1264 eterra
237 1203 360 1264 autem
385 1189 574 1289 profluunt
596 1190 702 1287 spissa
728 1214 896 1290 quaeque
924 1201 960 1262 et
985 1187 1104 1263 densa.

6 1311 69 1386 030.
83 1313 145 1386 Per
164 1313 264 1386 litem
288 1325 412 1386 sutem
435 1309 611 1384 difformis
635 1322 671 1384 et
692 1309 805 1386 diues
826 1309 995 1390 evadunt,
1010 1309 1146 1404 omnis,

81 1439 204 1508 eoiunt
227 1457 315 1508 vero
336 1457 401 1531 per
428 1431 619 1506 etnieitism
640 1443 677 1504 et
698 1455 737 1504 se
759 1431 915 1506 invisum
940 1445 1120 1532 exoptent.

81 1557 133 1628 Ex
144 1554 210 1628 illis
218 1555 340 1629 omniu
352 1553 686 1654 quse-luere,qme
699 1567 797 1644 sunt,
805 1577 977 1653 quaeque
988 1551 1073 1628 olim
1086 1569 1206 1646 erunt,

83 1691 117 1748 et
138 1674 279 1750 arbores
302 1675 485 1775 pullulant
507 1689 546 1748 et
570 1675 639 1750 viri
662 1675 915 1775 feminaeque,

82 1796 249 1896 feraeque
273 1809 310 1868 et
334 1795 496 1870 volueres
520 1811 557 1871 et
581 1823 672 1898 quos
696 1821 830 1898 aequor
855 1793 917 1867 alit
941 1797 1067 1894 piseeS,

11 1916 70 1990 135.
82 1918 206 2017 Diique
229 1913 316 1989 adeo
339 1915 517 2014 longaevi,
545 1917 680 1992 honore
701 1916 964 2016 praecellentes.

82 2039 157 2136 lpsa
181 2039 278 2112 eninr
304 2053 393 2112 sunt
416 2038 492 2133 illa,
520 2042 754 2114 commeantis
779 2053 902 2114 eutem
926 2039 1022 2114 inter
1048 2065 1084 2114 se

16 2169 18 2172 ’
84 2161 278 2235 veriuntur:
299 2174 429 2234 mutua
451 2163 549 2236 enim
570 2163 751 2238 cenversio
769 2187 811 2236 ee
832 2161 928 2234 ultro
945 2162 1105 2261 citroque
1123 2162 1205 2260 agit.

84 2648 243 2722 Vicissim
268 2661 389 2724 autem
412 2663 582 2749 regnent,
606 2648 771 2726 volvente
794 2646 1085 2746 temperuntur,

80 2784 113 2842 et
126 2786 348 2846 evanescunt
366 2773 405 2842 in
425 2797 462 2846 se
479 2773 637 2849 invicem
657 2784 694 2843 et
713 2772 918 2844 increscunt
936 2769 1039 2843 certis
1059 2766 1212 2846 vicibus:

15 2889 150 2990 tluipsa
171 2893 270 2965 enim
291 2917 335 2965 ee
355 2910 460 2984 siunt,
486 2894 721 2968 commeantia
741 2905 865 2974 autem
884 2893 980 2968 inter
999 2918 1038 2966 se

82 3017 171 3088 fiunt
192 3015 358 3089 homines
380 3031 418 3090 et
438 3017 591 3092 alierum
609 3037 745 3115 genere
767 3015 1014 3106 animantum,

81 3136 182 3210 modo
203 3162 269 3234 per
291 3140 480 3212 amicitiem
504 3140 541 3210 in
564 3163 684 3212 unum
706 3135 868 3238 ordinem
888 3136 1075 3228 mestuus,

6 3267 7 3298 ³
82 3257 181 3332 medo
202 3285 334 3334 rursus
354 3260 520 3336 distraete
538 3259 682 3358 singula
703 3258 773 3334 litis
789 3259 1038 3350 sententiose

81 3379 193 3454 donec
215 3381 449 3481 matescensis
464 3385 677 3459 universum
696 3382 763 3455 hoc
786 3379 921 3490 subtus
933 3380 1025 3454 facta
1045 3380 1124 3453 sint.

17 3496 144 3598 145.(ltn
167 3517 350 3602 quatenus
377 3530 496 3578 unum
518 3529 538 3578 e
561 3503 728 3603 pluribus
748 3483 916 3579 exsistere
935 3504 1039 3597 solet,

84 3648 278 3723 rursusque
302 3651 378 3700 une
398 3625 549 3702 discreto
571 3625 676 3724 plum
697 3625 782 3700 inde
803 3627 987 3718 oriuntur,

6 3737 12 3854 l

17 3844 76 3896 πάνθ’
96 3876 128 3888 -
151 3839 350 3916 (ieiunaturos,
373 3846 478 3899 tristor.
502 3847 619 3916 Metaph.
640 3850 681 3911 11,
703 3849 728 3911 l.
752 3867 777 3918 p.
801 3849 849 3900 660
870 3847 900 3900 D.
936 3848 990 3899 vu
1015 3846 1124 3910 rin-134
1146 3849 1213 3901 idern
1337 3897 1371 3934 =.‘

17 3929 37 3981 le
49 3937 132 3990 llundo
154 3959 178 3990 c.
199 3939 224 3990 6,
246 3956 273 4008 p.
295 3938 346 4003 474
364 3941 390 3990 l.

37 4023 78 4078 lu.
98 4029 218 4098 ¹38·¹l9²
240 4033 268 4082 ἐν
281 4031 313 4082 δὲ
325 4034 403 4102 μέρει
413 4044 448 4071 -'
461 4035 532 4086 κατὰ
545 4031 663 4100 statos.)
700 4030 843 4101 Simplicius
857 4027 934 4098 Phys.
948 4032 976 4095 l,
990 4030 1005 4082 f.
1020 4033 1034 4084 8
1049 4033 1076 4084 Α.
1089 4031 1120 4082 cf.
1134 4045 1211 4098 supra

19 4123 47 4163 'l
63 4117 100 4168 ¹¹⁶
118 4137 154 4191 u·
177 4131 204 4198 et
223 4123 255 4188 st
277 4137 333 4191 uu·
