2814 4906
504 411 745 463 anuosorrna.
768 433 773 449 ι
1083 393 1159 468 'tet

88 578 198 668 nixa,
223 575 362 649 candor
390 591 427 650 a
449 575 617 667 tauma,
639 576 728 653 auae
746 587 800 650 ¹³.
852 560 1165 657 nortemanni

88 697 246 772 diversam
275 711 425 775 naturae
457 698 566 788 vires,
597 697 774 772 bonorum
803 723 844 770 ac
865 698 1040 780 malorum
1062 701 1165 798 priua

89 819 197 916 cipia,
221 817 322 895 velut
339 821 508 917 expressit
525 831 585 912 1⁴3
610 818 673 892 hos
700 818 806 900 rebus
827 817 1030 894 mortalium
1049 821 1165 902 inter-

89 965 167 1014 esse
193 953 228 1014 et
253 940 443 1014 hominum
468 941 538 1015 fata
565 965 686 1040 regere
711 942 851 1038 putavit
868 949 933 1032 1⁵,
963 941 1169 1026 existimaus

88 1058 294 1160 unicuique
321 1045 556 1192 mortalium&
577 1061 725 1138 simulac
758 1075 864 1136 natus
890 1062 954 1144 sit,
986 1061 1167 1160 obtingere

89 1179 246 1252 diversos
267 1182 385 1279 genios
406 1195 449 1253 ut
469 1179 729 1281 ψυχοπομπὸς
747 1179 924 1278 δυνάμεις,
948 1209 1105 1282 quorum
1130 1183 1168 1256 hi

90 1298 136 1370 ad
162 1298 273 1391 bona,
300 1299 350 1370 illi
373 1301 417 1373 ad
437 1303 529 1376 mala
553 1329 612 1376 eos
633 1302 818 1402 impellant
833 1306 891 1377 1⁶.
936 1353 940 1366 «

115 1503 117 1506 ,
141 1420 248 1511 Quod
281 1435 401 1496 autem
435 1422 479 1499 ad
508 1423 638 1496 horum
667 1437 833 1496 naturam
861 1426 1005 1510 attinet,
1029 1424 1170 1523 putavit

91 1567 151 1614 eos
172 1565 246 1616 esse
272 1542 414 1618 coelesti
437 1545 571 1644 origine
583 1599 594 1636 ,
619 1543 680 1618 sed
702 1545 826 1618 insane
851 1545 1027 1620 Discordih
1047 1547 1172 1644 (Νείκεο

90 1663 292 1760 μαινομένῳ)
306 1678 409 1757 ³⁰i⁰h
421 1691 539 1764 quum
556 1663 673 1758 caede,
689 1667 713 1738 i·
727 1691 759 1744 e.
774 1657 958 1765 injustitia,
974 1692 1011 1740 se
1025 1667 1172 1764 polluis·
1200 1707 1205 1714 ·

89 1799 189 1878 sent,
210 1813 230 1859 a
253 1784 403 1859 deorum
427 1785 600 1861 domicilio
620 1785 660 1857 in
682 1799 841 1860 terrenas
860 1787 1024 1868 tenebras
1043 1786 1173 1870 dotru-
1248 1845 1253 1860 .

90 1933 146 1981 sos
171 1931 245 1984 esse
269 1909 525 2004 (οὐρανοπετεῖς,
561 1905 744 2008 θεήλατοι),
778 1925 820 1983 ut
844 1908 1018 1984 scelerum
1042 1934 1173 2007 poenas

89 2029 203 2102 luant.
258 2028 341 2103 Mali
380 2029 574 2108 daemones
603 2031 690 2104 diris
727 2029 925 2130 suppliciis
946 2029 1171 2124 plectuntur:

15 2161 20 2176 ’
92 2148 282 2222 »omuibus
316 2149 502 2224 elementis
530 2153 636 2229 invisi
673 2167 709 2226 et
741 2151 931 2224 abominati
959 2179 979 2224 a
1011 2150 1105 2222 coelo
1134 2151 1173 2224 in

91 2282 240 2362 terram,
270 2298 290 2342 a
311 2286 404 2346 terra
427 2273 466 2344 in
485 2300 599 2366 mare,
623 2302 642 2345 a
666 2274 756 2348 mari
777 2275 815 2345 in
839 2275 957 2346 adrem
980 2294 1173 2370 exspuun-

91 2404 155 2464 tur
179 2405 215 2464 et
238 2417 303 2490 per
327 2408 471 2468 omnem
495 2393 677 2468 mundum
699 2394 890 2492 jactantur,
908 2391 1021 2466 donec
1043 2389 1175 2464 sociere

91 2513 235 2612 purgati
277 2515 314 2584 in
355 2514 542 2614 pristinam
575 2515 786 2614 dignitatem
825 2514 1062 2588 restituantur
1096 2511 1175 2586 ¹⁷.'’

92 2634 188 2706 Haec
217 2649 320 2726 sunt,
348 2660 442 2734 quae
465 2636 510 2708 de
535 2634 776 2712 Daemonihus
798 2634 1013 2734 praedicasse
1038 2637 1176 2733 Empe-
1229 2637 1234 2654 '

93 2752 209 2828 docies
237 2755 408 2849 traditur3
438 2783 533 2856 quae
566 2758 757 2847 sententia,
781 2782 801 2828 e
829 2758 950 2854 priscis
981 2757 1175 2855 theogoniis

124 3006 184 3074 (13)
202 3005 383 3076 vtunmped.
400 3023 447 3056 rsa.
466 3008 551 3058 21-30.

123 3100 184 3164 (14)
201 3098 310 3150 Haecin
336 3101 482 3167 outcome
506 3105 582 3149 vocat
605 3097 740 3150 Plutarch.
766 3099 800 3150 dc
828 3099 908 3150 hnim.
938 3101 1031 3168 Tranq.
1056 3117 1081 3168 p.
1109 3097 1177 3165 [1743

93 3185 153 3238 tot
162 3188 225 3250 vlla
245 3207 271 3258 p.
292 3189 348 3252 854.
370 3193 504 3260 διαφορὰς
519 3192 574 3242 τῶν
589 3189 673 3241 ὄντων
689 3187 841 3240 Plaurnutus
857 3187 890 3240 de
902 3187 976 3240 Phi).
991 3205 1011 3238 c.
1027 3205 1064 3252 17,
1077 3206 1102 3257 p.
1122 3189 1176 3252 176.

92 3275 211 3328 Primum
239 3288 326 3332 autem
350 3281 529 3350 Empedoclem
551 3281 658 3332 bonos
677 3287 704 3332 et
724 3278 829 3329 malos
850 3277 941 3330 Genios
960 3278 1103 3330 distinxisse
1127 3295 1179 3346 pu-

94 3373 153 3418 tant
172 3367 374 3442 Tiedem'annum
394 3371 559 3431 Mamercino,
576 3369 671 3439 aliique
687 3367 756 3436 (Vid.
777 3366 868 3418 Harles
889 3369 917 3418 in
937 3367 1038 3420 Fabric.
1057 3367 1117 3418 Bihl.
1133 3370 1178 3419 Gr.

93 3457 138 3517 Il,
153 3473 196 3520 123
208 3459 238 3510 Τ.
248 3461 275 3520 l,
290 3477 318 3528 p.
331 3461 392 3526 810)
404 3469 539 3512 auctorem
551 3457 703 3510 adhibentes
717 3456 884 3508 Plutarchum
899 3456 926 3507 ll.
937 3473 974 3508 cc.
985 3467 1040 3509 not.
1055 3457 1085 3508 16
1096 3467 1123 3510 et
1140 3462 1178 3510 18.

127 3543 187 3612 (15)
202 3546 301 3614 Otigcn
319 3547 469 3618 Philosoph.
490 3551 550 3603 111:
570 3548 604 3608 aa
620 3551 839 3618 ἀναστρέφονται
861 3551 1034 3609 διοικοῦντες
1053 3553 1089 3601 τὰ
1109 3553 1179 3601 κατὰ

95 3643 151 3703 γῆν
169 3636 246 3698 ὄντες
262 3641 397 3696 πλεῖστοι.
415 3638 448 3691 cs.
465 3639 583 3692 Timaeus
602 3641 677 3692 Loor.
696 3649 763 3692 extr.

129 3728 190 3794 (16)
209 3731 333 3800 Porphyr.
359 3733 394 3784 de
427 3735 497 3782 lintr.
522 3729 634 3798 Nymph.
660 3747 682 3780 c.
707 3734 730 3780 8.
758 3729 913 3782 Plutarchus
936 3731 969 3782 de
989 3733 1070 3783 Anim.
1093 3727 1180 3802 tranq.

95 3836 121 3887 P·
137 3819 189 3882 474
206 3821 277 3884 (vot.
289 3824 351 3884 Vll,
363 3840 388 3892 p.
404 3823 481 3888 853)=
497 3823 531 3882 ὡς
549 3821 748 3890 Ἐμπεδοκλῆς
764 3821 873 3890 (λέγει),
892 3823 993 3874 διτταί
1005 3843 1079 3882 τινες
1099 3822 1180 3877 ἕκασ-

97 3931 149 3962 τον
173 3913 249 3978 ἡμῶν
274 3916 423 3980 γενόμενον
449 3918 699 3986 παραλαμβάνουσι
726 3919 775 3966 καὶ.
801 3917 990 3984 κατάρχονται
1016 3926 1109 3986 palpas
1134 3922 1182 3970 καὶ

99 4008 244 4069 tarmus

131 4099 190 4164 (17)
207 4098 264 4150 Vid.
282 4100 388 4169 Emped.
407 4117 454 4152 rso.
479 4100 570 4167 16-19,
588 4109 614 4153 et
629 4100 761 4152 Plutarch.
777 4097 812 4150 ihi
831 4099 872 4152 cit.
891 4101 924 4151 cl.
942 4117 1002 4153 naox
1020 4109 1074 4154 not.
1090 4119 1132 4163 an,
1143 4103 1183 4153 ae.
1240 4149 1242 4154 .
