2756 4912
437 428 474 476 nr
499 423 752 478 suranorum.
1081 407 1141 472 171
1238 425 1243 436 ¹

63 622 134 686 quae
153 621 218 664 non
240 599 316 660 alise
336 618 397 659 esse
417 595 559 658 videntem
579 604 669 676 atque
689 613 741 654 eae
763 611 837 677 quas
855 587 947 672 modo
965 599 1144 650 memoratas

62 706 200 767 vidimus:
228 712 339 780 Χθονίη,
368 708 492 776 'flattu
514 709 572 762 cet.
593 699 633 762 cl.
655 706 762 760 annot.
783 695 823 756 ad
843 715 886 756 rs.
911 694 961 756 24.
982 727 1023 746 -
1046 700 1145 775 bem

62 823 170 876 veteres
193 811 432 894 interpretantur
460 805 613 870 mnndum
645 825 670 866 ο.
697 812 867 866 terrestrem
897 801 1071 883 regionem
1104 822 1144 864 ex

61 916 245 1001 Empedoclis
275 914 417 998 exemplo
445 913 604 976 Platonem
632 910 752 972 duxisse
771 908 882 970 volunt
901 905 1038 970 nohilem
1058 905 1145 968 illam

62 1023 220 1106 imagimm
247 1021 335 1082 initio
362 1018 433 1082 lihri
452 1021 507 1081 v11
534 1019 572 1082 de
596 1019 669 1100 liep.
690 1037 723 1098 p.
744 1016 821 1075 ets:
851 1020 894 1082 tlt
914 1025 970 1098 γὶρ
992 1019 1145 1094 delectare

61 1133 109 1197 οἷον
134 1135 164 1196 ἐν
192 1135 380 1211 surrepetur
407 1131 508 1198 elsim
538 1127 768 1198 oentersilst
798 1135 867 1188 art.
925 1120 1037 1184 Ambos
1059 1120 1143 1182 locos

62 1246 236 1320 comparant
263 1234 420 1316 scriptores
450 1231 539 1294 huno
562 1251 682 1312 versum
711 1230 854 1304 citantes,
886 1227 1040 1302 Plotinus,
1072 1229 1145 1290 Por·

61 1341 200 1426 phyrius,
220 1341 337 1402 Aeneas
358 1340 504 1414 Gerasus,
521 1337 558 1398 ll.
575 1336 609 1397 ll.
630 1334 743 1398 Eodem
756 1345 872 1417 spectat
884 1334 1006 1396 Procius
1019 1334 1053 1395 in
1066 1333 1143 1396 tta.

61 1470 90 1531 p.
116 1447 173 1510 101
197 1445 333 1530 (Basil.)=
359 1451 422 1513 Ιοοοο
442 1449 491 1521 lt,
515 1445 633 1525 inquit,
661 1451 696 1510 et
716 1453 773 1509 πᾶν
793 1449 880 1508 τοῦτο
903 1447 1070 1511 sterteres,
1095 1449 1145 1507 sat

60 1560 246 1637 προφέρουσι
261 1563 301 1620 οὶ
314 1564 371 1620 οῦν
384 1533 531 1628 stowe,
548 1557 638 1629 Pver
649 1579 685 1616 οο
703 1556 864 1615 aetatum
883 1557 931 1616 sel
952 1555 1141 1619 οοοῆλοιοο.

61 1659 172 1723 lhidem
193 1679 224 1742 p.
245 1657 304 1737 95,
326 1657 413 1720 affert
432 1658 598 1742 Orphicum
618 1655 740 1718 huncce
760 1675 894 1716 versum:

180 1775 280 1833 τοῦτο
299 1779 402 1846 Πατὴρ
423 1774 519 1838 ποίησε
539 1777 619 1831 κοτὲ
644 1773 765 1840 σπέος
790 1765 994 1843 terrestre,

62 1869 184 1932 relatum
213 1873 246 1932 in
276 1870 398 1954 Orphic.
419 1863 528 1932 'nerme
553 1893 584 1954 p.
614 1868 696 1948 4563
724 1871 774 1930 cui
799 1879 901 1930 umen
923 1887 989 1928 non
1010 1866 1142 1928 multum

62 1974 128 2037 fidei
147 1987 244 2060 petest
263 1975 378 2038 haberi.
419 1976 560 2038 Imitatur
578 1975 661 2037 idem
685 1977 799 2058 llymu.
819 1975 859 2035 3ο
888 1983 999 2049 κλῦτε,
1027 1979 1144 2050 treta?
1275 2054 1280 2070 ι

62 2089 239 2256 ψνκὶςέὶοοοοοθ
258 2194 292 2265 te
309 2197 481 2265 ὴοοοάσους,
502 2196 660 2257 eeteros
681 2199 871 2268 eceterae
890 2199 1038 2265 λοοοῦοος.

63 2295 201 2358 Placitum
229 2295 290 2356 hoc
321 2295 362 2356 ah
388 2297 507 2360 Oriente
530 2296 564 2355 in
585 2297 739 2358 Graeciam
760 2295 895 2358 delatum
915 2317 977 2357 esse
996 2294 1142 2356 nonnulli

63 2402 182 2478 volunt,
202 2402 374 2463 testimonio
394 2403 440 2462 usi
461 2401 572 2464 Eubuli
589 2400 673 2485 apud
686 2397 890 2484 Porphyrium
903 2401 990 2462 Antr.
1005 2399 1142 2486 Nymph.

64 2527 88 2567 ο.
105 2506 142 2584 6,
161 2509 217 2592 qui
235 2507 344 2584 refert,
366 2509 555 2569 Zoroastrum
575 2507 698 2570 llithree
709 2555 718 2584 ,
746 2529 866 2568 summo
885 2509 1041 2600 Persarum
1061 2511 1140 2586 ilco,

63 2623 176 2674 sumum
196 2611 348 2674 dedicasse
368 2611 478 2672 mundi
497 2613 682 2696 imaginems
705 2613 743 2674 de
763 2635 825 2699 quo
846 2614 886 2674 of.
909 2615 1033 2675 Gmuser
1051 2614 1143 2698 Sym·

62 2713 118 2778 hol.
134 2719 166 2779 Τ.
189 2719 213 2779 Ι.
235 2737 268 2800 p.
292 2717 343 2778 17.
384 2717 443 2778 Sed
462 2716 537 2778 haec
557 2719 648 2779 nimis
668 2717 760 2802 longe
781 2721 928 2782 arcessita.

97 2823 157 2884 Vss.
168 2821 279 2884 32-53.
318 2834 471 2891 Zrmt
485 2838 538 2906 μὲν
553 2836 608 2908 γὰρ
626 2831 714 2902 κτλ.)
742 2826 780 2886 lli
790 2847 907 2901 versus,
923 2827 1043 2888 aSexto
1053 2827 1142 2910 Emp.

63 2927 158 2990 serrati
166 2973 175 3004 ,
192 2928 328 3012 querelas
347 2931 506 2991 continent
525 2930 564 2992 de
576 2933 653 2994 vitae
671 2931 815 2992 brevitate
829 2942 860 2992 et
874 2932 1004 3008 miseria,
1025 2931 1063 2992 de
1080 2931 1142 2992 hu·

64 3051 162 3094 manae
182 3035 363 3118 cognitionis
390 3037 552 3120 angustiis,
581 3037 618 3098 dc
643 3049 785 3098 sensuum
807 3037 945 3114 fallacia,
966 3038 1141 3100 inseruntur

64 3140 189 3216 monita,
206 3161 247 3201 ne
271 3143 338 3224 quis
361 3163 452 3226 supra
471 3143 599 3206 humani
619 3144 734 3227 ingenii
750 3141 876 3203 modum
892 3163 995 3225 sapere
1014 3141 1139 3220 audeat,

63 3261 129 3306 neve
156 3267 299 3307 sensuum
322 3249 498 3309 testimoniis
521 3247 676 3326 confidat3
702 3251 911 3332 vituperantur
933 3250 987 3335 qui
1010 3248 1140 3310 universi

63 3347 117 3409 rim
132 3361 161 3411 et
180 3363 322 3414 naturam
339 3375 370 3414 sc
386 3376 473 3416 nosse
487 3357 605 3438 jactent
614 3377 623 3432 3
643 3354 788 3438 implorat
802 3356 894 3431 Deos,
915 3365 949 3414 ut
962 3353 1140 3428 morhstiam

63 3461 89 3512 ct
109 3457 283 3538 sapientiam
308 3458 364 3519 sihi
384 3459 561 3541 largiantur.
603 3462 676 3522 Tam
699 3470 912 3542 argumentum
935 3459 1045 3522 horum
1070 3479 1139 3519 rer·

64 3577 159 3639 suum,
188 3584 282 3646 quam
306 3562 414 3640 dictio,
443 3587 520 3649 quae
546 3575 733 3626 commotum
759 3577 788 3626 et
815 3565 976 3626 incitatum
1000 3565 1138 3624 animum

63 3665 169 3745 prodit,
190 3671 304 3752 optime
324 3670 399 3732 mihi
418 3671 567 3755 quadrare
583 3672 644 3731 visa
662 3672 784 3732 suntin
802 3670 945 3731 carminis
958 3667 1137 3745 exordium,

64 3791 119 3854 quo
149 3773 281 3858 legentes
311 3775 350 3836 ad
378 3777 527 3862 reliquam
557 3777 792 3861 disputationem
820 3787 1017 3838 exacuuntur.
1068 3775 1137 3836 Iton

64 3873 144 3939 docet
165 3879 211 3941 his
229 3881 377 3960 versibus,
398 3904 464 3944 non
484 3884 685 3959 demonstrat,
706 3903 785 3968 quse
808 3883 846 3943 sit
869 3881 1023 3942 humanae
1045 3891 1138 3942 natu·

64 3999 107 4040 rte
126 3985 183 4062 ris,
207 4007 284 4070 quae
307 3987 448 4050 scientiae
472 3989 614 4066 facultas,
639 3989 690 4050 sed
711 3989 860 4074 queritur,
885 3999 1041 4071 precatur,
1065 3985 1137 4048 hor-

64 4094 146 4151 tatur·
194 4094 353 4174 Quocirca,
390 4117 485 4178 quum
519 4096 651 4157 Sturains
683 4095 738 4156 hos
768 4117 867 4159 versus
899 4095 1070 4161 collocasset
1101 4093 1134 4154 in
