2796 4914
487 441 729 490 annosorum.
1079 431 1144 496 ³59

66 621 101 680 et
121 607 360 706 centrifugam
381 609 522 698 attinet,
542 633 763 709 quamquam
786 633 911 684 earum
933 611 1065 686 virium
1088 615 1143 688 ul-

66 741 139 800 tera
157 721 414 821 contrahendi,¹
425 728 535 804 altera
558 728 748 828 dissipandi
766 731 840 804 rim
859 729 1003 827 habeat,
1023 747 1143 810 tamen

66 846 131 921 hae
153 849 259 922 unice
279 846 324 921 ad
345 849 528 922 materiem
547 851 744 948 pertinent3
767 850 848 926 illae
868 866 990 926 contra
1007 866 1078 928 tem
1096 854 1140 928 ad

65 968 184 1044 divina
205 995 317 1070 quem
332 967 504 1056 humana,
528 984 602 1046 tam
623 971 667 1048 ad
690 971 871 1048 naturales
892 988 1010 1050 motus
1030 1001 1141 1076 quam

63 1088 106 1162 ad
127 1087 318 1164 hominum
341 1089 456 1164 studia
478 1105 517 1166 et
540 1117 655 1168 mores
680 1091 902 1170 referuntur.
946 1094 1056 1170 Unde
1079 1097 1142 1170 in·-
1228 1184 1230 1190 Ι

64 1209 245 1309 telligitur,
263 1209 367 1284 ambo
385 1211 461 1304 illa,
479 1214 544 1287 etsi
565 1214 610 1288 sit
630 1215 722 1288 inter
740 1239 782 1288 ea
802 1213 919 1314 aliqua
937 1214 1142 1306 similitudo,

64 1330 185 1426 multis
211 1345 331 1408 tamen
354 1333 516 1432 partibus
537 1333 677 1409 distare.

558 1635 654 1718 sir.
737 1573 744 1585 ⁸

347 1865 409 1938 De
437 1866 536 1938 Casu
559 1875 596 1936 et
618 1863 862 1940 Necessitate.

110 2061 228 2157 Supra
252 2058 408 2136 vidimus
432 2056 707 2157 Empedoclem,
727 2072 771 2132 ut
794 2059 877 2134 alios
902 2059 1144 2162 physicorum,

65 2180 107 2253 ab
127 2179 317 2254 Aristotele
342 2178 602 2277 reprehensum
627 2205 721 2274 esse,
745 2181 843 2281 qnod
868 2182 1049 2282 principiis
1070 2185 1147 2258 suis

64 2327 135 2374 non
179 2315 260 2400 apte
295 2298 588 2398 sufficienterque
622 2313 767 2376 untur:
804 2325 890 2374 nam
925 2325 1147 2400 quamquam

65 2423 262 2496 Amicitiam
283 2435 320 2495 et
336 2419 551 2494 Discordiam
569 2421 673 2495 faciat
694 2436 847 2497 naturae
863 2435 1042 2515 auctores,
1059 2447 1146 2496 eum

65 2557 184 2646 tamen
205 2542 378 2642 pleraque
401 2543 439 2614 in
465 2565 591 2616 rerum
613 2557 742 2618 natura
762 2543 807 2616 ad
826 2545 1010 2618 materiam
1027 2545 1147 2619 refer-

66 2691 119 2758 re,
136 2664 239 2765 quasi
259 2689 324 2763 per
346 2661 608 2738 elementorum
630 2666 826 2738 mixturam
850 2691 907 2738 res
927 2679 1052 2764 sponte
1073 2666 1147 2739 for-

66 2800 212 2861 mentur
231 2785 425 2885 variaeque
447 2786 583 2884 figurae
603 2786 784 2860 exsistant.
836 2786 1004 2860 Similiter
1023 2786 1149 2885 culpa·
1238 2865 1240 2869 ,

68 2922 128 2980 tur
146 2906 396 3006 Empedocles,
415 2904 512 3006 quod
528 2905 643 2979 multa
663 2933 788 3001 casu,
812 2905 926 2980 multa
947 2903 1146 2981 necessi-

67 3042 159 3104 tate
179 3030 257 3102 fieri
276 3016 432 3102 dixeriit:
455 3026 654 3126 dequibus
676 3025 742 3100 hoc
764 3026 855 3118 loco,
877 3052 997 3126 quum
1015 3028 1061 3102 de
1085 3054 1147 3101 ua·

69 3164 168 3224 turae
194 3148 331 3252 viribus
357 3150 510 3248 agimus,
531 3137 605 3221 non
628 3147 787 3221 alienum
809 3150 877 3223 erit
900 3175 1085 3248 quaerere.

115 3271 221 3365 Quod
240 3271 285 3345 ad
306 3271 491 3344 fortunam
512 3269 589 3344 sive
611 3294 732 3343 casum
754 3271 899 3363 attinet,
925 3271 1040 3344 multa
1060 3273 1147 3345 Em·

69 3392 420 3490 pedoclemiort'uito
446 3392 537 3480 facta
562 3405 721 3491 putasse,
748 3389 909 3464 indicant
933 3389 1043 3490 ipsius
1069 3419 1148 3468 ver·

69 3511 129 3606 ba,
151 3514 265 3590 veluti
287 3541 406 3617 quum
432 3513 478 3586 de
503 3513 765 3586 elementorum
789 3513 943 3586 motione
969 3513 1054 3586 dicit
1068 3525 1144 3584 1⁴2:

117 3634 200 3711 cliro
214 3637 284 3736 yicp
302 3636 530 3733 συνέκυρσε
548 3633 622 3711 θέων
638 3635 730 3726 τότε,
747 3630 895 3708 πολλάκι
912 3631 942 3710 δ’
959 3635 1078 3716 ἄλλως.

71 3771 133 3830 aut
153 3758 196 3834 de
219 3758 466 3834 membtorum
490 3759 603 3858 figura
625 3782 690 3854 per
713 3753 977 3830 elementorum
998 3756 1146 3832 mix'tio-

70 3901 154 3951 nem
176 3880 282 3954 lacta:
1084 3885 1088 3890 '

101 4069 176 4137 (¹4²)
188 4073 294 4142 Emped.
310 4089 358 4126 vss.
380 4073 443 4136 ποίῃ,
460 4072 518 4142 193,
538 4071 594 4126 312.
614 4073 648 4124 oi.
663 4068 807 4140 Simplicius
824 4063 932 4136 Physs.
954 4069 985 4131 74
1004 4071 1038 4132 B,
1055 4069 1100 4138 qui
1119 4076 1145 4121 ct

73 4158 132 4210 alios
144 4155 259 4218 citatus.
273 4163 333 4222 236,
352 4161 413 4226 art,
428 4163 490 4222 231,
505 4162 564 4226 διά,
581 4161 606 4214 ἰιι
620 4161 714 4232 quibus
728 4163 778 4214 τοῦ
794 4159 927 4229 τυχόντος
941 4158 1013 4213 notio
1025 4159 1098 4213 inest.
