2768 4916
217 395 263 458 28.
616 410 664 458 nn
687 408 908 466 unrunocnrs

217 577 356 652 crebuit
373 578 434 668 ⁶⁹,
468 575 579 678 idque
611 585 687 650 non
719 591 798 676 post
828 587 983 650 mortem
1014 574 1110 676 ejus,
1145 575 1206 650 sed
1233 575 1302 675 jam

216 689 299 776 vivo
329 699 390 772 illo
419 697 564 773 videtur
595 697 863 798 pervulgatum.
915 695 1082 796 Gorgias,
1113 711 1156 772 ut
1183 711 1304 769 narrat

216 823 376 924 Satyrus,
396 819 577 920 professus
599 834 712 894 estse
735 817 990 918 Empedoclem
1013 817 1141 893 vidisse
1162 825 1306 917 γοητεύ-

217 973 297 1020 οντα
310 950 367 1016 70.
411 948 577 1032 Γσητεύειν
600 939 846 1040 appellabatur
862 937 1012 1024 facultas
1029 938 1304 1015 incantamentis

120 1147 124 1156 ,
216 1067 337 1140 aliisve
382 1064 494 1138 modis
535 1063 683 1139 umbras
723 1088 769 1136 ex
805 1061 930 1134 inferis
965 1059 1155 1154 evocandi,
1192 1061 1304 1137 malos

133 1193 137 1202 '
217 1186 547 1288 genios-placandi,
582 1187 709 1259 futura
735 1181 996 1283 portendendi,
1029 1181 1189 1283 denique
1213 1185 1306 1258 mira

218 1309 366 1410 quaevis
385 1307 613 1408 perpetrandi
628 1314 684 1378 ⁷¹.
719 1307 823 1397 Quae
840 1329 896 1377 res
915 1319 1097 1404 quantum
1114 1303 1306 1380 serioribus
1377 1333 1378 1336 ¹

218 1414 444 1528 temporibus
468 1410 649 1528 despecta,
682 1442 782 1501 tauto
813 1425 854 1496 iu
889 1425 1023 1501 bonore
1055 1424 1152 1525 apud
1176 1427 1308 1526 priscos

218 1550 308 1644 luit,
332 1550 466 1650 quibus
488 1552 594 1624 insita
622 1565 699 1625 erat
721 1547 862 1648 opinio,
891 1549 978 1624 viris
1000 1551 1145 1650 ingenio
1166 1563 1203 1622 et
1229 1549 1309 1625 vir-

219 1687 305 1747 tute
319 1673 639 1772 praecellentibus,
655 1675 780 1761 ‚artius
802 1699 878 1748 esse
899 1699 986 1747 cum
1006 1672 1073 1750 diis
1093 1669 1310 1744 commerui·
1377 1665 1378 1670 ’

219 1823 303 1888 um,
333 1797 451 1893 iisque
477 1808 686 1895 potestatem
714 1795 891 1870 dirinitus
919 1794 1039 1869 datam
1069 1791 1162 1866 mala
1194 1817 1310 1867 aver-

220 1915 341 2007 tendi,
381 1913 510 1989 scelera
546 1917 736 2014 expiandi,
778 1930 845 1991 cet.
915 1919 1148 2016 Quamquam
1183 1927 1311 2024 autem

114 2135 118 2147 1
220 2044 292 2139 jam
320 2062 365 2110 eo
387 2051 548 2136 tempore
572 2040 612 2111 in
638 2041 785 2113 Graecia
807 2067 872 2140 per
893 2037 985 2116 varii
1013 2036 1155 2138 generis
1171 2038 1314 2134 impos-

221 2177 314 2234 tores
333 2158 472 2260 (quales
492 2185 641 2260 quoque
665 2161 691 2232 ii
719 2162 875 2235 fuerunt
898 2161 964 2262 qui
986 2158 1147 2234 Corinthi
1170 2182 1208 2230 se
1232 2155 1313 2232 aive-

223 2285 382 2382 μοκοὶτας
414 2281 671 2381 profiterentur
700 2284 761 2384 ⁷²)
792 2271 930 2384 γοητεία
963 2283 1037 2382 jam
1068 2283 1108 2353 in
1141 2277 1314 2352 fraudem

222 2407 314 2484 verti
335 2402 503 2500 coepisset
527 2417 563 2476 et
582 2405 702 2503 γόητες
723 2407 832 2480 iidem
856 2407 934 2480 fere
954 2407 1020 2507 qui
1037 2393 1313 2504 praestigia-

253 2559 310 2669 (69)
327 2599 435 2654 Μάντις
451 2595 597 2664 appellatur
613 2600 647 2651 ab
665 2601 802 2653 Heraclide
821 2618 862 2670 ap.
880 2599 956 2668 Diog.
974 2598 1062 2650 baert.
1078 2601 1159 2662 vlu,
1177 2597 1226 2660 613
1245 2597 1318 2664 γόης
1377 2607 1378 2614 ’

222 2708 237 2743 a
254 2689 332 2742 SuIda
352 2689 379 2738 in
399 2688 513 2747 durum
529 2686 605 2739 ambo
621 2691 761 2752 vocabula,
778 2697 810 2742 ut
823 2696 946 2755 cognatae
962 2687 1166 2754 signiticationis,
1177 2686 1315 2738 interdum

223 2784 437 2849 conjunguntur:
454 2780 505 2830 vid.
525 2779 625 2830 Platon.
644 2781 732 2850 Symp.
749 2798 774 2850 p.
794 2795 842 2832 eoa
859 2782 888 2833 E.
906 2781 982 2848 Γόης
998 2787 1087 2830 autem
1106 2785 1134 2830 et
1154 2781 1240 2846 μάγος
1260 2795 1317 2848 pro

65 2889 68 2896 ’
144 2865 145 2869 ’
223 2872 370 2940 synonymis
389 2879 567 2938 usurpantur;
596 2887 754 2942 quamquam
772 2872 885 2940 -proprIe
904 2871 1084 2936 distinguenda
1103 2870 1247 2924 secundum
1267 2870 1316 2924 de-

135 3037 137 3042 ·
201 2955 204 2961 ’
223 2963 352 3014 finitiones
372 2961 612 3027 grammaticorum,
630 2971 661 3014 ut
682 2961 776 3014 Suidae
795 2982 820 3015 r.
839 2967 964 3032 γοητεία.
986 2960 1116 3042 Ειιάοαίεε
1129 2959 1194 3012 Viol.
1217 2977 1243 3030 p.
1265 2961 1315 3024 tr,

223 3054 280 3114 ³84.
302 3053 335 3103 cf.
354 3052 474 3102 Creuzcr.
495 3052 523 3100 in
544 3050 637 3103 Plotio.
660 3052 694 3104 de
713 3053 797 3121 pulcr.
816 3072 841 3124 p.
861 3055 919 3117 348.

256 3141 314 3208 (70)
329 3140 402 3205 Diog.
419 3141 505 3192 [εὸτι.
522 3143 603 3205 vul,
623 3160 642 3194 a.
657 3142 697 3211 59.
950 3195 952 3202 ,

255 3232 314 3298 (γι)
329 3231 524 3300 thcderivari
533 3232 607 3296 solet,
617 3241 644 3285 et
652 3242 733 3295 recte,
744 3243 774 3286 ut
782 3236 847 3288 mihi
857 3236 997 3300 videtum
1009 3236 1082 3305 γόος,
1091 3234 1108 3286 i.
1118 3250 1141 3286 e.
1150 3232 1317 3300 plor²t¹1⁸3

225 3333 255 3375 ut
273 3326 380 3395 proprie
398 3327 497 3393 γόητες
511 3322 574 3374 dicti
590 3323 643 3372 sint
657 3323 675 3374 ii
689 3324 736 3394 qui
750 3325 854 3391 lugubri
865 3335 943 3378 cantu
960 3327 1058 3378 animas
1070 3324 1113 3376 rel
1124 3323 1263 3374 daemones
1276 3322 1316 3375 ab

168 3426 171 3437 ‘
224 3411 312 3466 inferis
324 3426 477 3479 evocarent3
492 3414 562 3466 unde
574 3414 693 3465 vocabuli
704 3415 855 3482 significatio
867 3416 943 3468 latius
957 3417 1061 3486 serpsit.
1082 3413 1163 3466 Iidem
1175 3412 1239 3465 dicti
1248 3423 1317 3466 sunt

225 3495 405 3575 ψυχαγωγαί,
414 3505 486 3577 quod
498 3504 653 3555 vocabulum
665 3505 703 3555 uti
713 3514 740 3557 et
750 3505 860 3559 verbum
871 3505 932 3558 inde
944 3506 1053 3559 ductum
1066 3513 1265 3574 ψυχαγωγεῖν,
1276 3505 1317 3556 εἰ·

226 3597 321 3650 militer
329 3601 435 3670 proprie
445 3597 477 3649 dc
489 3595 634 3652 animarum
647 3597 800 3648 evocatione
809 3605 976 3666 usurpatum,
984 3597 1078 3650 deinde
1088 3599 1210 3650 universe
1221 3597 1315 3648 incan-

225 3687 313 3751 tandi,
327 3687 466 3740 fascinandi
474 3727 481 3750 ‚
490 3686 637 3756 pelliciendi
649 3686 860 3751 rIgnificationem
872 3688 981 3755 accepit.
999 3690 1038 3742 De
1049 3687 1101 3742 boc
1111 3689 1161 3756 leg.
1172 3683 1316 3739 Ruhnken.

224 3777 253 3828 in
267 3777 364 3829 Timaei
378 3779 437 3829 Lex.
455 3791 478 3827 v.
497 3779 647 3843 treaycyut.
675 3772 714 3826 De
725 3775 852 3827 vocabulo
863 3777 939 3846 γόης,
952 3783 1080 3847 γοητεία,
1093 3777 1220 3848 copiosius
1232 3791 1315 3844 quam

224 3865 383 3920 luculentius
399 3867 519 3918 disseruit
539 3869 626 3922 Stura.
646 3864 753 3933 Emped.
770 3883 797 3935 p.
817 3865 848 3931 37
867 3885 923 3939 sqq.
939 3870 1002 3923 item
1021 3873 1048 3923 in
1059 3872 1129 3925 Actia
1143 3883 1205 3921 nov.
1217 3856 1318 3918 Societ.

225 3957 271 4008 lat.
290 3959 347 4009 Jen.
366 3958 397 4008 Τ.
415 3957 482 4024 1.p.
501 3955 533 4021 75
551 3975 607 4028 sqq.

258 4047 316 4112 (γε)
332 4046 480 4098 Memorant
489 4047 639 4104 Eustathius
650 4045 739 4113 odyss.
751 4049 788 4111 (a.
800 4062 835 4098 vs.
848 4051 955 4120 rqsqq.)
966 4068 992 4121 p.
1005 4050 1080 4116 1645,
1090 4051 1159 4113 κάη
1168 4043 1313 4116 Hesychius

181 4135 465 4208 .mumfflm
