2768 4910
481 413 721 462 rmoosornni.
1079 397 1145 463 461¹

56 575 318 650 convenienter
345 588 496 650 naturae
524 559 790 669 consociantur3
819 576 915 652 dolor
939 592 1060 652 contra
1082 605 1143 675 eo,

56 696 160 798 quod
196 697 369 768 contraria
402 697 597 770 miscentur
627 699 810 771 contrariis
841 724 958 798 eoque
990 714 1141 777 naturae

56 830 256 892 concentus
279 817 459 891 turbatur.
511 817 617 910 Quod
637 818 749 916 ipsius
769 818 948 893 declarant
971 847 1113 897 versus:

304 937 370 1014 όσοι
394 942 508 1037 κρίσιν
531 937 679 1037 ἐπαρτέα
701 944 834 1034 μοίλλον
855 944 964 1034 ἐὀισιν,

160 1060 315 1152 ἀλλήλοις
340 1061 512 1159 ἐ’ττερκται
538 1060 719 1158 suueuia-‘vr’
739 1061 932 1160 Ἀφροδίτῃ·

145 1181 271 1282 ’ἔχθρα
286 1180 321 1258 h
338 1189 494 1259 πλεῖστον
512 1183 574 1259 ἀπ’
591 1183 741 1274 ἀλλήλων
758 1183 948 1286 διέχουσιν,
964 1187 1095 1284 όόμικτα

157 1307 260 1403 ’γέννᾳ
287 1333 325 1378 τε
348 1304 463 1403 κρότοι
487 1332 525 1379 τε
546 1347 594 1362 ·-
620 1309 683 1352 ²¹⁸
1058 1383 1060 1390 ,

54 1427 135 1499 Ηοο
165 1426 292 1526 placito
325 1427 554 1526 Empedocles
588 1426 659 1525 jam
683 1429 863 1527 praecepit
886 1454 943 1524 ea,
973 1457 1067 1531 quae
1091 1433 1136 1506 de

55 1545 251 1645 voluptatis
282 1561 319 1620 et
342 1547 468 1621 doloris
493 1573 598 1620 sensu
624 1546 762 1620 disserit
787 1549 887 1623 Plato
911 1553 949 1622 in
973 1552 1136 1644 Philebo,

53 1680 258 1767 utrumque
282 1669 331 1754 sic
356 1667 543 1743 definiens:
565 1667 656 1768 λέγω
677 1670 798 1767 τοίνυν,
823 1675 879 1760 τής
902 1672 1056 1770 ἁρμονίας
1076 1679 1137 1768 μὲν

52 1788 213 1884 λυομένης
240 1791 313 1884 ἡμίν
337 1787 370 1864 ἓν
402 1793 469 1870 τοῖς
499 1789 607 1887 ζιόοις,
628 1789 704 1886 ἅμα
722 1799 815 1868 λίσιν
839 1799 896 1883 τής
921 1800 1051 1889 Φύσεως
1079 1799 1136 1870 κοιλ

53 1912 185 2010 γένεσιν
205 1910 390 2011 ἀλγηδόνων
410 1909 443 1987 ἓν
466 1913 514 2011 τῷ
536 1913 613 1988 τότε
633 1913 807 2014 γίγνεσθαι
827 1916 947 2016 χρόνῳ.
965 1962 1011 1976 -
1032 1917 1134 1997 πόλιν

55 2031 96 2109 δὲ
121 2033 367 2131 ἁρμοττογοένης
397 2063 435 2109 τε
462 2038 520 2142 καὶ
546 2037 590 2116 εἷς
614 2039 669 2127 τήν
692 2043 793 2128 αὐτῆς
821 2045 922 2134 φύσιν
956 2039 1134 2134 ἀπιούσης,

56 2153 168 2247 ἡδονήν
182 2155 354 2256 γίγνεσθαι
369 2159 503 2232 λεκτέον
517 2165 595 2234 ²1⁹.
622 2161 725 2250 Quae
739 2160 994 2259 Empedocleue
1006 2165 1133 2237 rationi

54 2278 164 2374 plane
188 2305 354 2378 congrua.

550 2460 651 2542 §su

140 2689 202 2760 De
227 2685 451 2760 Plantarum
476 2701 512 2759 et
535 2691 755 2761 animalium
772 2695 1072 2791 propagationes

105 2880 286 2958 Hactenus
316 2880 361 2952 de
389 2879 498 2953 rebus
528 2877 762 2978 sensibusque
793 2907 886 2979 quae
917 2883 961 2955 ad
985 2900 1136 2962 naturae

89 3097 163 3164 (218)
179 3095 285 3165 Empcd.
303 3112 350 3147 vus.
368 3093 417 3146 326
432 3113 486 3166 sqq.
521 3095 559 3147 Cf.
571 3095 739 3162 Theophrasti
755 3096 833 3146 rerba
851 3095 894 3146 cit.
908 3097 933 3147 in
947 3099 1089 3153 Comment.
1101 3105 1135 3156 ad

55 3188 80 3237 h.
100 3203 136 3238 vs.
154 3203 180 3254 p.
198 3187 253 3237 εδει
271 3188 310 3236 Jo.
327 3187 444 3236 Damaso.
463 3189 478 3238 Ι.
493 3186 508 3236 l.
529 3185 727 3254 Ἐμπεδοκλῆς
751 3189 800 3246 τὰς
814 3189 916 3254 ήδονὰς
932 3193 1064 3255 γίνεσθαι
1077 3206 1136 3254 τοῖς
1242 3208 1247 3218 ·

56 3277 107 3342 γιέν
130 3275 233 3340 ὁμοίοις
253 3271 321 3346 [τῶν
338 3275 463 3348 &coenob
486 3282 557 3330 κατὰ
573 3279 604 3332 δὲ
626 3281 658 3330 τὸ
675 3279 803 3331 ἐλλεῖπον
820 3284 887 3350 πρὸς
904 3286 955 3350 τὴν
973 3287 1135 3357 ἀναπλήρω-

57 3388 115 3432 σιν,
136 3369 205 3422 ὥστε
221 3371 259 3438 τήν
279 3370 436 3422 ἐλλείποντι
453 3373 470 3438 ή
487 3371 573 3440 ὄρεξις
592 3375 642 3424 τοῦ
662 3372 766 3435 ὁμοίου·
787 3379 836 3432 τὰς
854 3374 885 3426 δέ
904 3376 1060 3444 ἀλγηδόνας
1077 3391 1136 3443 τοῖς

57 3467 206 3528 ἐναντίοις,
224 3457 270 3532 [ήΓ
281 3461 500 3548 ἀλλοτριοήσθαι
518 3469 570 3534 γὰρ
587 3469 655 3534 πρὸς
670 3465 742 3544 ἄλλα
759 3465 788 3532 (l.
806 3466 923 3536 όίλληλα)
942 3471 992 3522 ὅσα
1009 3475 1136 3546 διαφέρει

58 3559 131 3607 κατά
157 3574 190 3607 τε
212 3560 263 3622 τήν
290 3555 430 3624 σύγκρισιν
454 3558 502 3606 καί
525 3561 577 3625 τήν
601 3559 656 3609 τῶν
678 3563 822 3627 στοιχείων
841 3564 941 3630 κρᾶσιν.
977 3563 1046 3622 Quae
1064 3569 1137 3618 uncis

56 3647 163 3705 inclusi,
182 3645 291 3696 delenda
312 3661 412 3698 censeo.
444 3635 577 3699 Plutarchi
593 3658 679 3700 autem
697 3651 786 3707 verba,
804 3669 870 3720 quae
888 3651 963 3702 modo
977 3653 1057 3718 attigi,
1070 3654 1136 3708 haec

57 3747 135 3788 sunts
148 3740 196 3794 τὰς
210 3736 241 3789 δέ
250 3738 352 3803 ἡδονὰς
363 3739 389 3796 ἐξ
403 3737 489 3806 ὑγροῦ
504 3741 551 3789 καί
564 3742 613 3798 τὰς
623 3744 677 3793 τῶν
690 3743 822 3795 κινδύνων
836 3746 883 3793 καί
894 3742 993 3806 ὅμοίολν
1006 3751 1135 3815 κινήσεις,

58 3833 107 3889 τὰς
127 3831 155 3882 δ’
172 3831 297 3898 ὀχλήσεις
316 3834 363 3883 καί
382 3834 431 3889 τὰς
449 3833 464 3860 *
479 3833 494 3861 ἐ
513 3849 579 3900 quae
598 3833 706 3885 fortasse
723 3834 758 3886 sic
771 3834 930 3884 emendenda
942 3843 967 3885 et
980 3837 1135 3906 supplenda:

58 3927 106 3982 τὰς
123 3924 157 3976 δέ
174 3927 274 3992 ἡδονὰς
285 3927 486 3994 ἐξεργάζεσθαι
499 3927 571 3975 κατὰ
581 3927 628 3984 τὰς
644 3926 697 3976 τῶν
711 3928 820 3976 οέκείοιν
832 3928 880 3976 καί
891 3925 989 3990 ὁμοίαν
1003 3933 1134 3999 κινήσεις,

58 4018 106 4076 τὰς
125 4017 154 4071 δ’
174 4018 301 4087 ὀχλήσεις
321 4021 369 4070 καί
391 4022 439 4078 τὰς
456 4019 613 4088 ἀλγηδόνας
631 4027 690 4078 τοῖς
709 4021 850 4077 ἐναντίοις.

90 4111 165 4178 (νι9)
186 4110 259 4163 Plato
274 4108 374 4163 Philet.
392 4126 416 4179 p.
435 4109 465 4163 ³1
490 4111 520 4163 D.
553 4110 593 4163 Cf.
614 4109 682 4163 idem
699 4110 763 4162 Tim.
779 4126 805 4179 p.
818 4109 854 4172 ,64
874 4109 905 4164 D.
