2756 4912
252 391 314 456 164
654 399 934 448 conuuurunrus
1012 403 1016 420 ·

249 577 332 658 justo
361 570 505 654 loquens:
536 567 592 648 οθχ
619 573 732 650 ὑβρίζον
759 577 808 634 τον
836 575 1004 650 τνοροζονττ
1033 567 1065 649 (ἰ.
1094 589 1121 629 e.
1152 567 1317 649 diabolum),

250 682 388 744 τοοθεθννν
407 681 455 748 δὲ,
486 675 578 752 οἶμαι,
600 682 648 739 sal
667 678 817 754 ἐλέγχων.

301 861 303 865 ¹
478 781 513 860 θξ
534 782 590 854 οθνς
610 788 694 859 τιμῆς
714 791 762 846 aa}
783 781 838 846 οθον
858 785 960 857 alstra
979 783 1083 858 θλβον,

252 895 288 964 ila
315 880 398 967 Φντον
427 886 635 965 Ἐμπεδοκλῆς,
671 889 722 950 tta
751 895 845 951 λιτῶν
875 893 954 949 aare
985 892 1087 957 laertia
1115 889 1317 966 ἄναττρθΦετοο.

251 995 336 1056 Ilicta
357 1001 429 1052 sunt
447 992 501 1051 ista
522 1013 538 1050 e
559 981 687 1072 pe'rsona
708 989 915 1073 Empedoclis,
941 990 1048 1070 prioris
1068 990 1146 1052 vitae
1165 990 1319 1052 beatitatem

253 1097 457 1184 desiderantis.
472 1173 474 1180 y
499 1097 536 1155 ln
557 1095 657 1177 priore
676 1115 763 1155 versu
781 1115 838 1176 pro
852 1099 901 1160 νονθ
914 1096 968 1178 riou
980 1095 1080 1178 potius
1094 1115 1165 1156 curn
1177 1093 1321 1158 Plutarcho

252 1199 417 1284 legendum
438 1221 498 1262 esse
519 1227 555 1268 τε
575 1212 624 1267 nat
644 1203 740 1274 taceo,
762 1210 868 1281 sponte
890 1209 972 1280 patet
979 1223 987 1275 ;
1007 1200 1056 1258 sed
1071 1201 1233 1282 posteriora
1246 1200 1321 1260 etiam

253 1304 344 1366 verba
371 1306 470 1366 vereris
499 1308 620 1390 vestigia
650 1305 822 1378 continere,
852 1305 996 1386 quisque,
1018 1305 1145 1387 opinor,
1167 1303 1322 1364 admonitus

254 1412 376 1474 sentiet:
399 1411 514 1472 indicat
535 1424 602 1472 tum
621 1410 807 1472 vocabulum
829 1415 896 1488 ὅθι,
918 1422 985 1472 tum
1005 1411 1100 1493 magis
1121 1411 1211 1471 etiam
1231 1408 1324 1470 verbo-

253 1539 322 1577 rum
350 1538 505 1576 numerus.
547 1520 603 1579 Pro
630 1530 720 1586 λινῶν
747 1527 847 1577 autem
877 1537 980 1578 sensus
1008 1515 1158 1598 postulare
1183 1514 1324 1576 videbatur

255 1637 346 1696 τετῶν
368 1625 418 1706 (cf.
442 1624 552 1686 Plotini
573 1623 662 1684 rerba
684 1625 775 1696 citata
796 1621 835 1682 ad
856 1643 898 1682 vs.
913 1620 975 1704 7.),
996 1632 1027 1681 et
1040 1642 1097 1702 pro
1110 1625 1325 1702 ἀναστρέφεται,

255 1767 296 1782 -
317 1757 392 1812 ομιτ.
435 1730 520 1790 Deest
545 1739 646 1788 autem
667 1748 781 1788 nomen
803 1748 865 1810 quo
886 1727 1030 1786 referatur
1051 1729 1232 1808 praepositio
1252 1738 1325 1794 nort.

254 1841 387 1900 Fortasse
408 1834 604 1916 Empedocles
624 1832 685 1893 tale
705 1831 780 1917 quid
801 1831 965 1914 scripserit:
988 1835 1039 1897 ν’νδε
1062 1843 1150 1898 χερῶν
1171 1837 1328 1907 sermm

255 1948 471 2024 ἀναστρέφομαι
491 1951 587 2020 neri
608 1947 717 2011 θνητῶν.
732 1938 794 1998 vel:
812 1942 863 2004 sile
876 1948 965 2004 πεσὼν
982 1945 1188 2016 κευθμῶνας
1206 1944 1330 2020 kampt-

256 2059 348 2132 Φομαο
367 2059 448 2133 κάτον
469 2058 583 2121 θνητῶν,
602 2043 861 2130 quemadmodum
878 2065 921 2104 vs.
942 2045 980 2104 ³1
999 2049 1097 2126 ἄντρον
1117 2055 1226 2105 terram
1245 2056 1326 2107 vocat.

257 2191 299 2206 -
318 2165 403 2236 μῆχος
422 2160 530 2234 ὄλβον,
552 2161 586 2211 ut
606 2149 684 2209 inira
705 2170 748 2208 vs.
771 2149 848 2212 441:
876 2155 1012 2228 μήκιστον
1041 2158 1178 2218 πλοῦτον.
1222 2149 1328 2210 Pindar.

255 2262 346 2347 Pyth.
368 2265 415 2339 ll,
444 2260 499 2320 26:
523 2264 627 2337 μονρος
647 2260 743 2335 θλβορ.
785 2253 950 2336 Sophocles
970 2257 1074 2338 Antig.
1095 2277 1137 2318 rs.
1158 2255 1235 2316 393:
1256 2263 1329 2334 μῆκος

255 2373 379 2446 ‹rauu
1051 2425 1053 2430 ,
1371 2345 1372 2382 ³

299 2476 348 2534 Vs.
371 2473 421 2533 13.
465 2479 581 2536 νλνϋτον
602 2471 686 2542 κτλ.)
727 2467 847 2528 Iudicat
864 2472 969 2550 poeta,
984 2487 1045 2551 quo
1059 2489 1148 2528 sensu
1162 2469 1329 2542 afficeretur,

258 2599 354 2664 quum
373 2574 505 2659 primum
526 2577 558 2634 in
580 2585 689 2633 terram
711 2572 851 2656 delapsus
872 2595 982 2656 eorpus
998 2573 1133 2634 intraret.
1176 2574 1331 2657 Imaginem

258 2703 363 2744 recens
383 2682 448 2740 nati
467 2679 590 2739 infantis
611 2679 643 2736 in
665 2697 695 2738 se
716 2678 866 2738 transfert.

300 2789 350 2848 Vs.
365 2785 403 2846 14
420 2806 462 2867 sq.
484 2792 527 2850 'o
546 2789 644 2856 τθτνο,
661 2788 748 2858 κτλ)
767 2788 787 2850 t
803 2789 896 2851 Σενλθν
910 2785 1026 2866 scripsit
1039 2783 1169 2866 Scaliger
1187 2783 1225 2844 ad
1239 2782 1332 2866 steph.

260 2895 341 2955 Pois.
365 2890 441 2975 phil.
463 2911 519 2973 pro
539 2892 553 2964 l
572 2894 683 2962 δενλνν,
714 2889 863 2969 probante
884 2891 1007 2951 Sturzio.
1040 2893 1214 2968 δοτένολβος
1240 2887 1334 2948 simili·

258 3008 306 3059 ter
326 2997 489 3058 formatum
509 3000 755 3075 ιινδντίροριορος,
776 2994 864 3056 Iliad.
886 3023 926 3074 χ,
950 2993 1011 3056 428
1021 3017 1031 3071 5
1058 3015 1097 3054 ne
1118 2996 1199 3077 quis,
1220 2995 1334 3054 utilae-

260 3102 328 3162 lrius
348 3098 475 3162 Choeril.
499 3103 581 3184 conj.
604 3108 647 3176 tt<
666 3105 793 3178 ἄνολβον.
808 3133 847 3142 -
860 3102 916 3165 ν’ίονν
936 3103 970 3180 ἐξ
991 3104 1080 3180 ἐρίδων
1101 3109 1216 3182 spectat
1235 3098 1279 3157 ad·
1292 3118 1334 3156 ae-

261 3227 385 3268 rumnas
412 3217 442 3267 et
470 3207 549 3286 fata,
578 3209 689 3292 quibus
717 3207 873 3284 homines,
896 3208 943 3268 vel
957 3210 1056 3290 potius
1078 3207 1239 3268 daemones
1259 3205 1334 3266 coelo

263 3310 389 3394 dejecti,
411 3314 477 3394 jam
497 3314 580 3395 prius
601 3333 694 3396 quam
711 3312 862 3372 mundum
878 3314 1040 3390 intrarent,
1057 3311 1224 3373 conflictati
1238 3321 1333 3372 essent.

262 3415 369 3476 llultos
403 3416 514 3478 similes
544 3421 702 3500 poetarum
737 3416 819 3476 locos
848 3417 940 3477 vitam
969 3417 1140 3500 lugentium
1175 3416 1335 3499 suppeditat

264 3517 399 3580 Clemens
419 3520 441 3580 l.
463 3522 487 3581 l.
1370 3511 1371 3522 ¹

305 3625 366 3684 Vss.
399 3623 507 3687 16-19.
549 3633 669 3709 Αθθέρννν
699 3642 750 3706 μὲν
781 3640 834 3710 γὰρ
866 3631 949 3710 κτλ.)
990 3627 1092 3690 Talem
1122 3635 1249 3722 sortem,
1273 3623 1335 3683 dicit
1370 3605 1371 3624 .

264 3727 459 3808 Plutarchus,
478 3734 561 3793 nacti
576 3745 648 3796 sunt
659 3742 687 3800 ol
703 3743 831 3807 θεήλατον
845 3747 893 3804 aui
907 3742 1102 3817 οὐρανοπετεῖς
1113 3739 1209 3800 ἐκεῖνον
1223 3737 1336 3812 δαίμονες

244 3831 337 3915 ’(νίἆ.
366 3855 409 3895 νο.
441 3835 461 3897 4
490 3835 570 3922 sq.),
599 3859 713 3920 poenas
738 3841 917 3902 delictorum
938 3841 1074 3917 luentes,
1108 3839 1205 3900 donee
1226 3835 1337 3920 purgati

264 3957 366 3996 rursus
396 3937 429 3998 in
451 3961 535 4002 suam
557 3953 587 4004 et
608 3946 777 4008 naturalem
797 3947 852 4008 sibi
873 3947 973 4008 sedem
994 3955 1188 4006 revertantur.
1230 3942 1337 4003 Plutar

266 4040 340 4102 chus
370 4042 408 4103 de
432 4044 469 4107 Is.
492 4046 529 4110 de
551 4049 598 4110 Os.
621 4050 643 4111 l.
665 4051 688 4112 l.
709 4053 788 4116 male
809 4059 917 4130 θςτῦθνς
937 4074 993 4136 pro
1013 4057 1044 4127 ἐς
1064 4055 1172 4134 ον’νρὶρν
1199 4048 1281 4110 idem
1304 4043 1336 4102 dt
