2796 4914
215 424 217 430 s
263 391 329 455 ³54
658 401 708 448 nn
728 343 944 450 nnrnnocrns

262 570 438 644 actionem
452 589 581 666 parum
597 578 758 644 accurate
776 563 966 655 definierit,
982 565 1091 638 immo
1106 589 1191 639 vero
1207 567 1322 640 utrius·

263 715 338 791 que
347 689 421 765 vim
436 686 652 762 confuderit:
669 687 804 788 quippe
815 711 933 785 quum
946 685 1144 760 secundum
1157 685 1323 784 Empedo-

204 807 210 816 ’
264 811 356 886 clem
368 807 557 902 Discordia,
573 831 692 882 unum
703 807 744 880 in
756 823 874 908 partes
884 807 1096 898 discernens,
1111 806 1252 906 singula
1263 806 1323 880 ele·

264 947 384 1006 monta
394 943 581 1030 componat
591 942 628 1004 et
636 929 777 1022 formet,
789 945 827 1004 et
838 930 989 1007 vicissim
1000 930 1172 1024 Amicitia,
1184 927 1325 1004 elemen-

263 1067 300 1127 ta
316 1055 354 1124 in
373 1043 490 1126 unum
505 1053 767 1152 constringens,
789 1054 947 1152 proprias
960 1051 1139 1160 cujusque
1155 1051 1324 1151 qualitates

264 1187 441 1266 secernat3
465 1199 539 1272 quo
562 1173 653 1266 fieri,
683 1188 726 1246 ut
749 1187 922 1275 utraque,
949 1187 1022 1246 tam
1044 1173 1209 1246 Amicitia
1234 1197 1323 1274 quarn

264 1292 464 1386 Discordia,
491 1307 528 1368 et
550 1308 738 1392 componat
759 1307 796 1368 et
819 1294 960 1367 dirimat
981 1292 1085 1368 ¹³⁸.'’
1133 1293 1197 1366 His
1219 1293 1324 1367 similia

190 1509 194 1516 Ι
264 1428 350 1488 sunt
371 1439 466 1515 quae
490 1412 572 1487 alibi
594 1413 798 1488 Aristoteles
813 1416 852 1496 ,ei
870 1413 988 1513 objicit
1011 1414 1149 1488 dicens:
1175 1415 1325 1487 »Discor-

261 1535 357 1610 diam
398 1533 628 1634 Empedocles
656 1533 739 1607 facit
769 1533 937 1609 interitus
968 1560 1144 1629 caussam3
1185 1549 1326 1609 attamen

261 1657 368 1730 etiam
393 1641 481 1731 haec
503 1682 550 1732 ex
574 1683 612 1731 se
630 1656 777 1755 gignere
795 1655 940 1730 videtur
962 1655 1073 1729 nihilo
1091 1657 1215 1730 minus
1234 1679 1325 1757 quam

259 1778 421 1852 Amicitia
449 1779 524 1854 sive
547 1801 685 1851 nnuma
718 1802 738 1848 e
768 1776 946 1850 Discordia
971 1779 1069 1850 enim
1092 1778 1214 1850 omnia
1239 1776 1326 1850 exsti·

258 1914 352 1993 tere,
385 1910 532 1997 excepto
563 1911 703 1972 summo
734 1900 808 1972 Deo
839 1899 914 1974 sive
938 1924 1030 1972 uno:
1063 1901 1231 1998 quocirca
1255 1900 1326 1972 haec

259 2045 333 2093 non
368 2022 476 2118 magis
511 2019 677 2093 interitds
711 2045 823 2120 quam
850 2021 951 2094 ritae
987 2035 1111 2104 auctor
1147 2035 1222 2112 est,
1251 2022 1324 2092 sicut

259 2140 412 2214 vicissim
443 2141 621 2230 Amicitia,
645 2139 741 2215 vitae
765 2141 823 2213 illa
848 2155 884 2214 et
909 2140 1031 2214 salutis
1057 2155 1196 2233 auctor,
1224 2144 1325 2216 resin

259 2284 379 2334 unum
393 2259 551 2360 cogendo
569 2261 743 2364 interimit
759 2260 880 2333 omnia
896 2269 977 2333 ¹³4.
1006 2262 1153 2361 Quippe
1166 2261 1327 2335 Discordia

292 2425 362 2497 (13³)
380 2424 441 2501 vid..
458 2423 572 2493 Memph.
588 2424 608 2475 l.
619 2424 636 2477 l.
649 2431 704 2477 not.
715 2440 778 2492 ¹²9·
790 2425 909 2480 adhibitis
921 2428 984 2480 locis
996 2425 1052 2479 his:
1065 2427 1098 2481 de
1109 2429 1182 2484 Part.
1194 2432 1298 2491 Animl¹
1311 2445 1326 2488 ι,

258 2535 285 2586 p.
299 2517 348 2586 7³9
358 2519 390 2569 E:
403 2518 476 2586 ἀρχὴ
491 2517 544 2584 γὰρ
561 2518 578 2582 'l
595 2515 671 2578 φύσις
685 2513 789 2581 μᾶλλον
804 2523 853 2586 τῆς
868 2518 944 2587 attae·
963 2519 1075 2590 λνιαχού
1092 2524 1126 2575 δέ
1140 2539 1197 2577 που
1212 2523 1328 2592 αύοῇιαί

259 2607 457 2675 Ἐμπεδοκλῆς
477 2613 654 2675 περιπίπτει,
679 2610 812 2675 εἰρόμενος
829 2609 877 2664 ὑπ’
894 2611 978 2680 αὐτῆς
999 2620 1046 2681 τῆς
1066 2615 1206 2684 ἀληθείας
1224 2619 1269 2668 καί
1286 2619 1327 2682 τὴν

260 2703 357 2754 ούσίαν
373 2701 421 2751 καί
436 2705 488 2767 τὴν
506 2700 585 2762 φύσιν
602 2704 790 2770 ἀναγκάζεται
809 2705 892 2765 φάναι
911 2706 1056 2774 τὸνλόγον
1073 2703 1155 2761 εἷναι.
1174 2710 1249 2778 Phys
1264 2711 1296 2770 Il,
1309 2725 1329 2758 a·

257 2809 284 2862 p.
300 2792 395 2854 26an
412 2796 459 2845 ἐπί
479 2796 576 2861 μικρὸν
592 2797 645 2864 γάρ
665 2815 692 2847 τι
708 2798 788 2867 μέρος
808 2793 1008 2868 Ἐμπεδοκλῆς
1027 2804 1075 2854 καί
1097 2801 1269 2872 Δημόκριτος
1283 2803 1324 2851 τού

261 2881 386 2944 ε’ίδοιις
411 2888 459 2938 καί
488 2891 539 2938 τοῦ
565 2892 600 2939 τί
618 2878 658 2955 ἢν
685 2883 787 2942 εἶναι
807 2893 925 2958 ἥψαντο.
952 2891 991 2943 Dc
1009 2893 1101 2945 Gener.
1118 2903 1147 2946 et
1165 2897 1240 2948 Corn.
1260 2891 1327 2952 11‚u

258 2996 285 3048 P·
295 2980 397 3043 ll⁰dG=
412 2984 467 3034 τῶν
487 2986 539 3055 μὰρ
559 2987 597 3054 δι)
619 2986 697 3048 φύσει
712 2973 798 3040 dedus
816 2989 907 3040 α’ίτιον
925 2989 957 3039 τὸ
975 2988 1058 3045 οὕτως
1076 2985 1153 3056 ἔχειν
1173 2987 1221 3036 καί
1242 2983 1325 3051 ἡὲιεί·

259 3087 327 3125 στου
339 3074 416 3136 φύσις
432 3077 520 3146 αύιη,
536 3081 603 3148 περὶ
620 3068 653 3147 ἧς
671 3078 754 3132 ούδέν
776 3080 860 3147 λέγει·
880 3079 967 3132 ούδὲν.
980 3078 1034 3148 ίίρα
1051 3081 1118 3147 περί
1135 3077 1238 3140 φύσεως
1253 3077 1326 3144 λέγει.

159 3167 161 3171 ’
259 3165 328 3216 ἀλλὰ
342 3171 397 3250 μὴν
413 3172 445 3222 τὸ
460 3157 490 3224 eir
507 3174 592 3224 τούτο
609 3174 702 3225 καὶτὸ
719 3173 841 3240 ἀγαθὸν·
855 3172 869 3224 ὃ
887 3172 920 3226 δὲ
935 3177 986 3241 τὴν
995 3175 1067 3237 μῖξιν
1075 3173 1161 3240 μόνην
1173 3175 1326 3224 ἐπαιτιῶ...

261 3257 305 3310 ἔτι
325 3261 359 3312 δε
377 3265 444 3331 περί
458 3269 584 3336 κινήσιας
597 3265 690 3324 ἅπλῶς
708 3266 792 3334 λέγει·
811 3267 841 3319 ού
861 3271 913 3336 γὰρ
929 3267 1024 3318 ἱκανὸν
1039 3268 1132 3320 atores
1144 3266 1217 3318 διότι
1230 3269 1248 3333 ἦ
1263 3265 1328 3328 φιλία
1386 3275 1387 3349 ρ

261 3354 309 3402 καί
334 3356 367 3405 τὸ
392 3365 484 3415 νεῖκος
510 3367 597 3419 κινεῖ,
622 3361 649 3410 ελ
681 3363 718 3426 μὴ
746 3358 826 3410 τοῦτ’
849 3349 884 3426 ἢν
911 3358 988 3422 φιλιά
1021 3352 1093 3412 εἶναι
1124 3362 1157 3410 τὸ
1188 3363 1327 3425 κινήσει

260 3448 409 3513 τοιαδί,
433 3452 522 3501 νείκει
545 3449 578 3502 δὲ
602 3451 634 3502 τὸ
660 3454 805 3518 τοιαδί.
826 3451 888 3505 ἔδει
912 3440 959 3504 σύν
979 3455 996 3520 ἢ
1016 3452 1166 3520 ὁρίσασθαι
1184 3455 1200 3520 ἢ
1220 3453 1328 3521 depastis

260 3539 277 3604 ἢ
295 3538 422 3602 μαλακῶς
436 3543 453 3608 ἢ
471 3541 545 3606 ἁμῶς
562 3545 595 3610 μέ
610 3558 672 3601 πως.
689 3541 721 3594 cf.
736 3542 806 3594 Alex.
818 3543 931 3612 Metapb.
946 3545 968 3604 l,
979 3544 1006 3593 iu
1018 3542 1102 3596 Schol.
1116 3545 1188 3596 Arist.
1199 3560 1227 3611 p.
1241 3542 1286 3602 537
1297 3555 1327 3606 sq·

260 3628 406 3698 Simplicius
422 3633 457 3683 de
476 3637 523 3685 An.
540 3633 559 3684 f.
579 3632 608 3684 15
625 3637 662 3685 A:
681 3633 891 3702 ἐπισημαίνεται
912 3634 1122 3702 Ἐμπεδοκλεῖ,
1143 3636 1175 3693 ὥς
1192 3637 1232 3701 μὴ
1250 3631 1329 3692 cuein
1384 3629 1385 3642 ¹

262 3722 468 3789 διορίζοντι...
497 3724 563 3776 οὐδὲ
591 3725 679 3795 αὐτὴν
703 3732 754 3795 τὴν
780 3727 874 3790 φιλίαν
898 3729 1101 3798 διαρθρούοτι,
1119 3728 1239 3793 πότερον
1256 3726 1330 3791 μύκης
1384 3729 1385 3807 l

261 3815 322 3865 ἔστί
337 3820 385 3882 τῆς
401 3821 471 3869 κατὰ
489 3818 571 3884 λόγον
585 3821 682 3883 μίξεως
704 3821 815 3887 αλτίαῆ
830 3821 878 3870 καί
897 3826 947 3888 τῆς
959 3820 1104 3890 τυχούσης.

295 3903 368 3973 (134)
385 3906 451 3960 Ibid.
470 3907 585 3978 Metsph.
604 3909 688 3973 11,l.
706 3927 731 3978 p.
746 3910 795 3962 662
814 3911 853 3964 D:
873 3913 921 3962 καί
941 3915 994 3982 μὰρ
1011 3915 1097 3983 ὅνπερ
1114 3912 1228 3979 οίηδείη
1247 3910 1331 3974 λέγειν
1383 3891 1384 3908 ³

262 3996 295 4047 dv
314 4016 355 4056 τις
372 4000 490 4064 μάλιστα
507 4000 728 4069 ὁμολογουμένως
748 4001 824 4074 αύτῷ
844 4002 1056 4074 Ἐμπεδοκλῆς,
1080 4009 1126 4058 καί
1144 3990 1224 4063 οὗτος
1248 4002 1331 4054 codri

261 4089 399 4144 πίπονθε.
419 4091 516 4160 τίθησι
535 4094 584 4162 μίν
601 4097 654 4164 γὰρ
670 4096 760 4165 ἀρχήν
778 4115 841 4150 τινα
863 4098 961 4154 αίτίακ
975 4105 1024 4169 τῆς
1037 4104 1170 4169 φθορᾶς
1187 4099 1222 4149 τὸ
1235 4107 1329 4153 νεῖκος·
