2796 4914
426 381 464 428 ue
485 381 735 432 munuum.
1058 367 1123 432 297
1180 369 1182 374 '

66 571 90 634 p.
109 537 145 611 37
165 543 211 608 ed.
232 545 364 628 Lennep.
388 545 496 628 corrigi
513 547 614 631 jussit:
632 551 709 615 ’1η
730 550 799 628 <incr
816 552 912 627 λέγειν
927 545 1124 627 Ἐμπεδοκλέα

66 661 238 736 ssawic,
265 664 358 720 κλυτὲ
378 659 459 734 κοῦρε
478 649 536 698 -”
557 651 648 737 idque
668 645 781 734 recepit
803 651 951 730 Sturaius5
979 651 1031 714 sed
1051 673 1126 714 con·

64 763 164 844 jactura
183 759 259 820 haec
280 769 339 835 est,
367 757 390 818 si
410 777 471 817 non
494 755 717 839 improbabilis,
740 766 840 816 tamen
861 777 981 839 prorsus
1001 756 1125 821 incerta.

65 865 152 947 lleque
170 864 264 946 magis
287 873 417 937 certum,
444 882 542 945 equo
563 864 698 942 po'e'mate
719 860 769 921 hic
789 861 950 922 versiculus
972 860 1126 923 desumtus

66 970 103 1030 sit.
142 968 186 1030 td
207 968 334 1052 Physica
354 966 456 1028 retulit
477 966 626 1042 sturmus,
647 964 725 1026 haec'
742 987 811 1028 rero
832 966 1045 1027 Pausaniae
1073 967 1127 1028 de-

66 1071 148 1134 dicata
174 1073 264 1133 fuisse
287 1093 303 1133 e
323 1072 455 1154 Diogene
479 1059 618 1130 discimus
642 1069 692 1153 (cf.
714 1091 756 1130 vs.
779 1069 847 1152 54),
876 1081 908 1130 at
927 1071 1026 1153 potuit
1045 1070 1126 1132 idem

66 1199 170 1239 carmen
190 1177 232 1238 ad
251 1176 354 1238 ambos
373 1174 441 1237 illos
460 1176 606 1258 scripturn
620 1196 696 1252 esse,
717 1185 752 1235 ut
764 1186 851 1258 putat
868 1175 1013 1254 Sturzius;
1027 1176 1129 1258 potuit

66 1303 139 1359 sane,
159 1292 292 1344 attamen
311 1281 344 1340 id
361 1301 470 1364 parum
489 1278 645 1363 probabile
659 1291 721 1340 tam
734 1278 774 1339 ob
787 1280 894 1340 hairtii
907 1268 1127 1358 testimonium,

65 1409 140 1470 quam
156 1387 229 1472 quia
241 1385 436 1468 EmPedocles
457 1385 490 1443 in
503 1383 637 1466 Physicis
658 1403 774 1464 semper
794 1382 833 1442 ad
853 1403 948 1443 uuam
968 1405 1128 1466 personam

65 1490 190 1575 loquitur.
229 1487 432 1567 Probabilius,
452 1486 634 1548 versiculum
654 1486 738 1546 hunc
758 1509 796 1548 ex
818 1486 1030 1569 epigrammate
1049 1511 1131 1573 quo-¹

67 1595 123 1655 dam
135 1596 262 1679 petitum
279 1613 349 1653 esse.
370 1594 525 1654 Caeterum
539 1592 650 1670 mirum
663 1601 753 1667 sane,
768 1591 791 1650 si
805 1590 1000 1673 Empedocles
1012 1593 1045 1652 in
1060 1613 1128 1654 car-

67 1700 132 1760 mine
144 1700 307 1781 Telaugem
323 1707 359 1758 ut
379 1698 554 1778 magistrum
575 1715 664 1756 suum
684 1693 758 1779 (hoc
778 1696 860 1754 enim
879 1695 1031 1778 significat
1044 1706 1128 1772 saln-

67 1809 170 1887 γήσατο)
194 1813 259 1863 tam
280 1799 449 1862 honorilice
473 1775 715 1881 compellaverit,
746 1798 926 1882 antiquiores
952 1802 1127 1884 scriptores,

67 1910 308 1985 Alcidamantem,
346 1903 550 1979 Aristotelem,
588 1901 843 1985 Theophrastum,
887 1905 1056 1985 Timaeum,
1093 1909 1128 1970 in

66 2012 132 2073 illius
152 2010 325 2073 doctoribus
343 2019 374 2070 et
393 2005 589 2068 familiaribus
611 2006 827 2084 memorandis,
851 2007 969 2068 nullam
990 2011 1127 2095 Telaugis

67 2120 236 2179 mentionem
267 2115 383 2191 fecisse,
419 2111 472 2173 sed
502 2112 622 2172 seriores
652 2121 773 2172 tantum
799 2113 851 2195 (cf.
876 2133 965 2196 supra
988 2137 1020 2198 p.
1045 2115 1125 2198 62.)=

67 2224 190 2304 quocirca
218 2219 294 2282 mihi
324 2216 375 2279 hio
404 2215 567 2278 versiculus
595 2213 734 2298 paullum
761 2227 913 2298 suspectus
942 2229 1003 2296 est,
1030 2239 1127 2304 eoque

66 2327 160 2410 magis,
181 2323 268 2408 quod
288 2321 423 2407 ejusdem
442 2319 576 2402 Telaugis
597 2319 747 2380 serebatur
766 2320 923 2404 quondam
944 2323 1070 2406 epistola
1089 2324 1127 2386 de

66 2429 230 2514 Enpedocle
251 2427 377 2509 scripta,
399 2423 556 2486 manifesto
578 2424 749 2506 supposita,
770 2435 806 2484 ut
818 2425 934 2486 ostendi
948 2448 1038 2510 supra
1051 2449 1081 2512 p.
1096 2428 1125 2490 4.

68 2534 204 2596 hetorum
233 2531 273 2593 de
300 2530 427 2614 Tolauge
455 2539 485 2590 et
506 2527 627 2589 Theano
647 2527 708 2588 vid.
730 2528 864 2592 holsten.
886 2541 915 2592 et
934 2532 1071 2595 liittersh.
1093 2535 1127 2595 in
1212 2521 1218 2534 ’

67 2639 197 2724 Porphyr.
211 2635 376 2720 Vit.-Pyth.
395 2657 419 2696 s.
441 2632 496 2711 193
519 2634 630 2715 blenag.
648 2632 681 2694 in
702 2633 797 2696 Lairt.
811 2635 898 2712 Vlll,
921 2635 975 2716 435
1002 2638 1126 2702 Bentlei.

67 2741 96 2804 de
113 2755 165 2807 aet.
185 2741 280 2827 Pyth.
298 2741 320 2802 l.
341 2739 363 2800 l.

98 2955 153 3017 Vsa.
174 2955 326 3018 ato-245.
366 2963 418 3021 Ἦν
437 2958 471 3020 δέ
489 2981 536 3030 τις
555 2958 585 3020 io
604 2959 728 3022 κείνοισιν
748 2958 814 3036 ἀνὴρ
831 2959 916 3031 κτλ.)
954 2955 1129 3040 Equocar-

68 3059 134 3120 mine
152 3061 283 3143 petitum
305 3057 420 3120 sithoc
441 3059 594 3141 elogium,
616 3060 765 3120 incertum
776 3082 785 3137 ;
811 3079 869 3120 nec
889 3062 1031 3122 convenit
1051 3060 1126 3122 adeo

67 3163 131 3225 inter
149 3186 271 3240 omnes,
292 3164 331 3224 ad
351 3184 442 3249 quem
463 3172 584 3246 spectet.
626 3163 753 3240 Quidam
769 3168 881 3242 (τινές),
898 3175 970 3226 teste
984 3166 1125 3249 Diogene,

66 3266 93 3327 in
117 3269 392 3332 Parmenidem
413 3270 559 3351 scriptum
581 3269 803 3331 contenderunt
811 3293 820 3346 5
844 3270 978 3332 Timaeus
998 3291 1067 3331 vero
1089 3270 1128 3332 ad

67 3369 333 3458 Pythagoram
361 3373 469 3453 refert5
501 3372 635 3436 similiter
659 3374 843 3458 Porphyrius
866 3384 896 3436 et
920 3373 1127 3454 lamblichus,

67 3478 110 3559 qui
142 3502 211 3542 sane
246 3479 316 3562 plus
351 3479 428 3572 fidei
450 3488 602 3539 merentur
632 3499 725 3562 quam
751 3480 847 3562 ignoti
877 3480 1000 3564 quidam
1030 3491 1126 3542 testes.

67 3580 208 3648 Caeterum
238 3583 560 3660 animadvertendum,
593 3583 805 3666 Empedoclem
826 3584 863 3646 de
885 3583 1055 3668 Pythagora
1075 3586 1127 3646 hic

67 3683 138 3770 loqui
162 3701 311 3774 tanquam
332 3689 450 3750 dudum
470 3699 607 3750 mortuo:
633 3691 775 3772 quocirca
795 3712 834 3751 ex
852 3687 899 3750 his
919 3689 1050 3752 versibus
1068 3689 1129 3752 mi-

68 3791 136 3855 nime
165 3795 245 3858 effici
278 3804 391 3879 potest,
422 3815 458 3856 eo
485 3793 575 3855 illum
601 3795 742 3877 magistro
769 3815 857 3856 usum
879 3815 958 3857 esse:
988 3795 1028 3858 cs.
1050 3819 1127 3880 quae

69 3921 144 3986 supra
174 3911 239 3972 dixi
269 3933 300 3994 p.
329 3911 370 3972 49
398 3933 461 3996 sq·
483 3910 637 3971 Caeterum
656 3909 841 3993 Porphyrius
872 3918 901 3969 et
919 3895 1131 3994 lamblichus,

69 4030 174 4077 sensum
215 4016 338 4078 illorum
379 4035 518 4078 versuum
556 4011 758 4097 explicantes,
799 4011 873 4076 haec
915 4015 1125 4104 subjungunt:
