<?xml version="1.0" encoding="UTF-8"?>
<!DOCTYPE html PUBLIC "-//W3C//DTD XHTML 1.0 Transitional//EN"
    "http://www.w3.org/TR/xhtml1/DTD/xhtml1-transitional.dtd">
<html xmlns="http://www.w3.org/1999/xhtml" xml:lang="en" lang="en">
 <head>
  <title>
</title>
<meta http-equiv="Content-Type" content="text/html;charset=utf-8" />
  <meta name='ocr-system' content='tesseract 3.04.00' />
  <meta name='ocr-capabilities' content='ocr_page ocr_carea ocr_par ocr_line ocrx_word'/>
</head>
<body>
  <div class='ocr_page' id='page_1' title='image "./philosophorumgr00karsgoog_0373.png"; bbox 0 0 2796 4914; ppageno 0'>
   <div class='ocr_carea' id='block_1_1' title="bbox 254 377 1035 482">
    <p class='ocr_par' dir='ltr' id='par_1_1' title="bbox 254 377 1035 482">
     <span class='ocr_line' id='line_1_1' title="bbox 254 377 1035 482; baseline -0.009 0"><span class='ocrx_word' id='word_1_1' title='bbox 254 416 319 482; x_wconf 77' lang='lat'><strong>³62</strong></span> <span class='ocrx_word' id='word_1_2' title='bbox 645 428 695 476; x_wconf 85' lang='lat' dir='ltr'><strong>nn</strong></span> <span class='ocrx_word' id='word_1_3' title='bbox 717 427 934 478; x_wconf 78' lang='lat' dir='ltr'><strong>nnnnnocms</strong></span> <span class='ocrx_word' id='word_1_4' title='bbox 1031 377 1035 382; x_wconf 31' lang='lat'>¹</span> 
     </span>
    </p>
   </div>
   <div class='ocr_carea' id='block_1_2' title="bbox 144 588 1382 3118">
    <p class='ocr_par' dir='ltr' id='par_1_2' title="bbox 221 588 1382 2876">
     <span class='ocr_line' id='line_1_2' title="bbox 250 588 1306 693; baseline -0.005 -22"><span class='ocrx_word' id='word_1_5' title='bbox 250 593 349 672; x_wconf 89' lang='lat' dir='ltr'><strong>unde</strong></span> <span class='ocrx_word' id='word_1_6' title='bbox 366 594 530 693; x_wconf 88' lang='lat' dir='ltr'><strong>sequitur</strong></span> <span class='ocrx_word' id='word_1_7' title='bbox 544 590 635 666; x_wconf 91' lang='lat' dir='ltr'><strong>illud</strong></span> <span class='ocrx_word' id='word_1_8' title='bbox 652 619 836 666; x_wconf 84' lang='lat' dir='ltr'><strong>summum</strong></span> <span class='ocrx_word' id='word_1_9' title='bbox 853 616 927 666; x_wconf 86' lang='lat' dir='ltr'><strong>esse</strong></span> <span class='ocrx_word' id='word_1_10' title='bbox 943 588 1178 688; x_wconf 88' lang='lat' dir='ltr'><strong>principium,</strong></span> <span class='ocrx_word' id='word_1_11' title='bbox 1197 593 1250 664; x_wconf 91' lang='lat' dir='ltr'><strong>cni</strong></span> <span class='ocrx_word' id='word_1_12' title='bbox 1263 615 1306 666; x_wconf 86' lang='lat' dir='ltr'><strong>oe·</strong></span> 
     </span>
     <span class='ocr_line' id='line_1_3' title="bbox 251 711 1307 811; baseline -0.004 -21"><span class='ocrx_word' id='word_1_13' title='bbox 251 731 327 792; x_wconf 86' lang='lat' dir='ltr'><strong>tera</strong></span> <span class='ocrx_word' id='word_1_14' title='bbox 355 713 475 788; x_wconf 85' lang='lat' dir='ltr'><strong>omnin</strong></span> <span class='ocrx_word' id='word_1_15' title='bbox 503 712 573 786; x_wconf 85' lang='lat' dir='ltr'><strong>sint</strong></span> <span class='ocrx_word' id='word_1_16' title='bbox 595 712 762 811; x_wconf 83' lang='lat' dir='ltr'><strong>subjecte.</strong></span> <span class='ocrx_word' id='word_1_17' title='bbox 805 711 1020 789; x_wconf 82' lang='lat' dir='ltr'><strong>Plutarchus</strong></span> <span class='ocrx_word' id='word_1_18' title='bbox 1036 712 1225 810; x_wconf 66' lang='grc' dir='ltr'><em>εἱμαρμένην</em></span> <span class='ocrx_word' id='word_1_19' title='bbox 1238 715 1307 786; x_wconf 85' lang='lat' dir='ltr'><strong>Em-</strong></span> 
     </span>
     <span class='ocr_line' id='line_1_4' title="bbox 250 835 1307 938; baseline -0.003 -29"><span class='ocrx_word' id='word_1_20' title='bbox 250 836 387 938; x_wconf 90' lang='lat' dir='ltr'><strong>pedocli</strong></span> <span class='ocrx_word' id='word_1_21' title='bbox 410 835 495 906; x_wconf 87' lang='lat' dir='ltr'><strong>dicit</strong></span> <span class='ocrx_word' id='word_1_22' title='bbox 508 859 594 908; x_wconf 85' lang='lat' dir='ltr'><strong>esse</strong></span> <span class='ocrx_word' id='word_1_23' title='bbox 617 835 731 928; x_wconf 72' lang='grc' dir='ltr'><em>Φιλίαν</em></span> <span class='ocrx_word' id='word_1_24' title='bbox 757 836 838 932; x_wconf 78' lang='grc' dir='ltr'><strong>ὁμοῦ</strong></span> <span class='ocrx_word' id='word_1_25' title='bbox 863 835 920 911; x_wconf 74' lang='grc' dir='ltr'><strong>κα)</strong></span> <span class='ocrx_word' id='word_1_26' title='bbox 944 839 1041 916; x_wconf 72' lang='grc' dir='ltr'><em>νεῖκος</em></span> <span class='ocrx_word' id='word_1_27' title='bbox 1058 843 1136 912; x_wconf 79' lang='lat'><strong>1⁵⁰.</strong></span> <span class='ocrx_word' id='word_1_28' title='bbox 1178 838 1265 936; x_wconf 84' lang='lat' dir='ltr'><strong>Ergo</strong></span> <span class='ocrx_word' id='word_1_29' title='bbox 1277 836 1307 906; x_wconf 91' lang='lat' dir='ltr'><strong>in</strong></span> 
     </span>
     <span class='ocr_line' id='line_1_5' title="bbox 221 949 1307 1055; baseline -0.001 -25"><span class='ocrx_word' id='word_1_30' title='bbox 221 983 225 992; x_wconf 91' lang='lat'><em>·</em></span> <span class='ocrx_word' id='word_1_31' title='bbox 250 957 442 1055; x_wconf 87' lang='lat' dir='ltr'><strong>utriusque</strong></span> <span class='ocrx_word' id='word_1_32' title='bbox 463 957 690 1030; x_wconf 86' lang='lat' dir='ltr'><strong>consensione</strong></span> <span class='ocrx_word' id='word_1_33' title='bbox 715 949 959 1031; x_wconf 83' lang='lat' dir='ltr'><strong>necessitatem</strong></span> <span class='ocrx_word' id='word_1_34' title='bbox 974 958 1086 1054; x_wconf 87' lang='lat' dir='ltr'><strong>ponit.</strong></span> <span class='ocrx_word' id='word_1_35' title='bbox 1137 956 1237 1031; x_wconf 88' lang='lat' dir='ltr'><strong>Idem</strong></span> <span class='ocrx_word' id='word_1_36' title='bbox 1252 960 1307 1030; x_wconf 86' lang='lat' dir='ltr'><strong>for·</strong></span> 
     </span>
     <span class='ocr_line' id='line_1_6' title="bbox 250 1075 1309 1177; baseline -0.002 -26"><span class='ocrx_word' id='word_1_37' title='bbox 250 1091 339 1151; x_wconf 75' lang='lat' dir='ltr'><strong>tasse</strong></span> <span class='ocrx_word' id='word_1_38' title='bbox 352 1075 430 1148; x_wconf 85' lang='lat' dir='ltr'><strong>vult</strong></span> <span class='ocrx_word' id='word_1_39' title='bbox 440 1075 649 1174; x_wconf 90' lang='lat' dir='ltr'>Simplicius,</span> <span class='ocrx_word' id='word_1_40' title='bbox 666 1075 797 1150; x_wconf 83' lang='lat' dir='ltr'><strong>alicubi</strong></span> <span class='ocrx_word' id='word_1_41' title='bbox 812 1077 946 1152; x_wconf 87' lang='lat' dir='ltr'><strong>dicens:</strong></span> <span class='ocrx_word' id='word_1_42' title='bbox 960 1078 1214 1177; x_wconf 85' lang='lat' dir='ltr'><strong>Empedoclem</strong></span> <span class='ocrx_word' id='word_1_43' title='bbox 1232 1078 1309 1150; x_wconf 79' lang='lat' dir='ltr'><strong>Ami·</strong></span> 
     </span>
     <span class='ocr_line' id='line_1_7' title="bbox 249 1196 1382 1298; baseline 0.004 -28"><span class='ocrx_word' id='word_1_44' title='bbox 249 1198 350 1270; x_wconf 81' lang='lat' dir='ltr'><strong>citiee</strong></span> <span class='ocrx_word' id='word_1_45' title='bbox 367 1209 403 1270; x_wconf 88' lang='lat' dir='ltr'><strong>et</strong></span> <span class='ocrx_word' id='word_1_46' title='bbox 419 1196 616 1270; x_wconf 84' lang='lat' dir='ltr'><strong>Discordiee</strong></span> <span class='ocrx_word' id='word_1_47' title='bbox 633 1198 726 1272; x_wconf 88' lang='lat' dir='ltr'><strong>vires</strong></span> <span class='ocrx_word' id='word_1_48' title='bbox 743 1201 934 1274; x_wconf 82' lang='lat' dir='ltr'><strong>contraries</strong></span> <span class='ocrx_word' id='word_1_49' title='bbox 949 1198 1123 1298; x_wconf 83' lang='lat' dir='ltr'><strong>colligasse</strong></span> <span class='ocrx_word' id='word_1_50' title='bbox 1142 1200 1186 1281; x_wconf 74' lang='grc' dir='ltr'><strong>εἷς</strong></span> <span class='ocrx_word' id='word_1_51' title='bbox 1196 1197 1310 1295; x_wconf 67' lang='grc' dir='ltr'><strong>μονάδα</strong></span> <span class='ocrx_word' id='word_1_52' title='bbox 1381 1295 1382 1298; x_wconf 9' lang='lat'>¹</span> 
     </span>
     <span class='ocr_line' id='line_1_8' title="bbox 250 1314 1309 1416; baseline 0.003 -23"><span class='ocrx_word' id='word_1_53' title='bbox 250 1319 306 1410; x_wconf 72' lang='lat' dir='ltr'><strong>rip</strong></span> <span class='ocrx_word' id='word_1_54' title='bbox 321 1322 379 1407; x_wconf 73' lang='grc' dir='ltr'><strong>τῆς</strong></span> <span class='ocrx_word' id='word_1_55' title='bbox 395 1314 553 1416; x_wconf 72' lang='grc' dir='ltr'><strong>ἀνάγκης·</strong></span> <span class='ocrx_word' id='word_1_56' title='bbox 568 1319 624 1393; x_wconf 78' lang='grc' dir='ltr'><strong>και)</strong></span> <span class='ocrx_word' id='word_1_57' title='bbox 638 1317 725 1408; x_wconf 68' lang='grc' dir='ltr'><strong>αὕτη</strong></span> <span class='ocrx_word' id='word_1_58' title='bbox 740 1321 816 1413; x_wconf 68' lang='grc' dir='ltr'><strong>μὲν,</strong></span> <span class='ocrx_word' id='word_1_59' title='bbox 825 1319 935 1414; x_wconf 80' lang='lat' dir='ltr'><strong>addit,</strong></span> <span class='ocrx_word' id='word_1_60' title='bbox 943 1323 984 1404; x_wconf 78' lang='grc' dir='ltr'><strong>ὡς</strong></span> <span class='ocrx_word' id='word_1_61' title='bbox 995 1319 1043 1414; x_wconf 71' lang='grc' dir='ltr'><strong>ἕν,</strong></span> <span class='ocrx_word' id='word_1_62' title='bbox 1052 1323 1091 1396; x_wconf 78' lang='lat' dir='ltr'><strong>rl</strong></span> <span class='ocrx_word' id='word_1_63' title='bbox 1106 1320 1143 1399; x_wconf 68' lang='grc' dir='ltr'><strong>δὲ</strong></span> <span class='ocrx_word' id='word_1_64' title='bbox 1156 1327 1252 1404; x_wconf 75' lang='grc' dir='ltr'><em>νεῖκος</em></span> <span class='ocrx_word' id='word_1_65' title='bbox 1264 1324 1309 1396; x_wconf 77' lang='lat' dir='ltr'><strong>nol</strong></span> 
     </span>
     <span class='ocr_line' id='line_1_9' title="bbox 250 1437 1309 1536; baseline 0.002 -22"><span class='ocrx_word' id='word_1_66' title='bbox 250 1442 269 1530; x_wconf 76' lang='grc' dir='ltr'><em>ἡ</em></span> <span class='ocrx_word' id='word_1_67' title='bbox 291 1441 391 1536; x_wconf 73' lang='grc' dir='ltr'><strong><em>φιλία</em></strong></span> <span class='ocrx_word' id='word_1_68' title='bbox 413 1439 454 1520; x_wconf 68' lang='grc' dir='ltr'><strong>ὡς</strong></span> <span class='ocrx_word' id='word_1_69' title='bbox 481 1437 538 1516; x_wconf 76' lang='grc' dir='ltr'><strong>δύο</strong></span> <span class='ocrx_word' id='word_1_70' title='bbox 555 1484 601 1498; x_wconf 92' lang='lat'><em>-</em></span> <span class='ocrx_word' id='word_1_71' title='bbox 620 1444 696 1516; x_wconf 73' lang='lat'><strong>¹⁵¹.</strong></span> <span class='ocrx_word' id='word_1_72' title='bbox 728 1441 821 1516; x_wconf 86' lang='lat' dir='ltr'><strong>·Nisi</strong></span> <span class='ocrx_word' id='word_1_73' title='bbox 840 1444 987 1516; x_wconf 80' lang='lat' dir='ltr'><strong>fortasse</strong></span> <span class='ocrx_word' id='word_1_74' title='bbox 1005 1442 1064 1515; x_wconf 91' lang='lat' dir='ltr'><strong>hic</strong></span> <span class='ocrx_word' id='word_1_75' title='bbox 1083 1447 1309 1518; x_wconf 74' lang='lat' dir='ltr'><strong>necessitatem</strong></span> 
     </span>
     <span class='ocr_line' id='line_1_10' title="bbox 250 1559 1309 1665; baseline 0.001 -28"><span class='ocrx_word' id='word_1_76' title='bbox 250 1561 345 1637; x_wconf 92' lang='lat' dir='ltr'><strong>idem</strong></span> <span class='ocrx_word' id='word_1_77' title='bbox 382 1559 594 1636; x_wconf 83' lang='lat' dir='ltr'><strong>intellexerit</strong></span> <span class='ocrx_word' id='word_1_78' title='bbox 630 1577 740 1663; x_wconf 80' lang='lat' dir='ltr'><strong>atque</strong></span> <span class='ocrx_word' id='word_1_79' title='bbox 773 1588 892 1636; x_wconf 91' lang='lat' dir='ltr'><strong>unum</strong></span> <span class='ocrx_word' id='word_1_80' title='bbox 927 1591 953 1636; x_wconf 91' lang='lat' dir='ltr'><strong>s.</strong></span> <span class='ocrx_word' id='word_1_81' title='bbox 990 1563 1197 1662; x_wconf 82' lang='lat' dir='ltr'><strong>sphaeram3</strong></span> <span class='ocrx_word' id='word_1_82' title='bbox 1227 1563 1309 1665; x_wconf 87' lang='lat' dir='ltr'><strong>quod</strong></span> 
     </span>
     <span class='ocr_line' id='line_1_11' title="bbox 250 1683 1309 1788; baseline 0.005 -33"><span class='ocrx_word' id='word_1_83' title='bbox 250 1683 401 1776; x_wconf 87' lang='lat' dir='ltr'><strong>falsum3</strong></span> <span class='ocrx_word' id='word_1_84' title='bbox 426 1708 510 1757; x_wconf 85' lang='lat' dir='ltr'><strong>nam</strong></span> <span class='ocrx_word' id='word_1_85' title='bbox 534 1685 720 1758; x_wconf 75' lang='lat' dir='ltr'><strong>necessitas</strong></span> <span class='ocrx_word' id='word_1_86' title='bbox 743 1711 816 1761; x_wconf 90' lang='lat' dir='ltr'><strong>non</strong></span> <span class='ocrx_word' id='word_1_87' title='bbox 842 1688 951 1786; x_wconf 82' lang='lat' dir='ltr'><strong>magis</strong></span> <span class='ocrx_word' id='word_1_88' title='bbox 973 1685 1120 1787; x_wconf 81' lang='lat' dir='ltr'><strong>sphaera</strong></span> <span class='ocrx_word' id='word_1_89' title='bbox 1141 1702 1195 1762; x_wconf 87' lang='lat' dir='ltr'><strong>est</strong></span> <span class='ocrx_word' id='word_1_90' title='bbox 1215 1713 1309 1788; x_wconf 79' lang='lat' dir='ltr'><strong>qnam</strong></span> 
     </span>
     <span class='ocr_line' id='line_1_12' title="bbox 227 1805 1310 1906; baseline -0.001 -27"><span class='ocrx_word' id='word_1_91' title='bbox 227 1857 232 1871; x_wconf 82' lang='lat'>·</span> <span class='ocrx_word' id='word_1_92' title='bbox 250 1819 406 1906; x_wconf 80' lang='lat' dir='ltr'><strong>quatuor</strong></span> <span class='ocrx_word' id='word_1_93' title='bbox 425 1805 614 1881; x_wconf 82' lang='lat' dir='ltr'><strong>elementa.</strong></span> <span class='ocrx_word' id='word_1_94' title='bbox 664 1808 751 1882; x_wconf 84' lang='lat' dir='ltr'><strong>Istas</strong></span> <span class='ocrx_word' id='word_1_95' title='bbox 764 1821 887 1882; x_wconf 84' lang='lat' dir='ltr'><strong>autem</strong></span> <span class='ocrx_word' id='word_1_96' title='bbox 903 1806 1123 1884; x_wconf 87' lang='lat' dir='ltr'><strong>definitiones</strong></span> <span class='ocrx_word' id='word_1_97' title='bbox 1139 1809 1233 1900; x_wconf 80' lang='lat' dir='ltr'><strong>satis,</strong></span> <span class='ocrx_word' id='word_1_98' title='bbox 1247 1808 1310 1905; x_wconf 91' lang='lat' dir='ltr'><strong>opi-</strong></span> 
     </span>
     <span class='ocr_line' id='line_1_13' title="bbox 250 1927 1310 2030; baseline 0.005 -31"><span class='ocrx_word' id='word_1_99' title='bbox 250 1952 327 2018; x_wconf 87' lang='lat' dir='ltr'><strong>nor,</strong></span> <span class='ocrx_word' id='word_1_100' title='bbox 349 1940 446 2025; x_wconf 83' lang='lat' dir='ltr'><strong>patet</strong></span> <span class='ocrx_word' id='word_1_101' title='bbox 467 1927 512 2000; x_wconf 83' lang='lat' dir='ltr'><strong>ab</strong></span> <span class='ocrx_word' id='word_1_102' title='bbox 529 1927 785 2029; x_wconf 80' lang='lat' dir='ltr'><strong>interpretibus</strong></span> <span class='ocrx_word' id='word_1_103' title='bbox 803 1930 921 2027; x_wconf 87' lang='lat' dir='ltr'><strong>potius</strong></span> <span class='ocrx_word' id='word_1_104' title='bbox 941 1954 1052 2030; x_wconf 86' lang='lat' dir='ltr'><strong>quam</strong></span> <span class='ocrx_word' id='word_1_105' title='bbox 1074 1929 1121 2002; x_wconf 83' lang='lat' dir='ltr'><strong>ab</strong></span> <span class='ocrx_word' id='word_1_106' title='bbox 1143 1932 1219 2030; x_wconf 83' lang='lat' dir='ltr'><strong>ipso</strong></span> <span class='ocrx_word' id='word_1_107' title='bbox 1231 1933 1310 2004; x_wconf 84' lang='lat' dir='ltr'><strong>Em-</strong></span> 
     </span>
     <span class='ocr_line' id='line_1_14' title="bbox 249 2047 1310 2150; baseline 0 -29"><span class='ocrx_word' id='word_1_108' title='bbox 249 2047 394 2146; x_wconf 85' lang='lat' dir='ltr'><strong>pedocle</strong></span> <span class='ocrx_word' id='word_1_109' title='bbox 408 2049 582 2148; x_wconf 82' lang='lat' dir='ltr'><strong>profectas</strong></span> <span class='ocrx_word' id='word_1_110' title='bbox 595 2075 681 2124; x_wconf 87' lang='lat' dir='ltr'><strong>esse.</strong></span> <span class='ocrx_word' id='word_1_111' title='bbox 708 2049 772 2124; x_wconf 90' lang='lat' dir='ltr'><strong>Ille</strong></span> <span class='ocrx_word' id='word_1_112' title='bbox 783 2050 911 2142; x_wconf 82' lang='lat' dir='ltr'><strong>fatum,</strong></span> <span class='ocrx_word' id='word_1_113' title='bbox 926 2050 1033 2150; x_wconf 83' lang='lat' dir='ltr'><strong>quale</strong></span> <span class='ocrx_word' id='word_1_114' title='bbox 1043 2052 1097 2143; x_wconf 80' lang='lat' dir='ltr'><strong>sit,</strong></span> <span class='ocrx_word' id='word_1_115' title='bbox 1108 2075 1182 2125; x_wconf 89' lang='lat' dir='ltr'><strong>non</strong></span> <span class='ocrx_word' id='word_1_116' title='bbox 1196 2050 1310 2126; x_wconf 85' lang='lat' dir='ltr'><strong>defini·</strong></span> 
     </span>
     <span class='ocr_line' id='line_1_15' title="bbox 250 2170 1310 2264; baseline -0.003 -20"><span class='ocrx_word' id='word_1_117' title='bbox 250 2171 341 2244; x_wconf 82' lang='lat' dir='ltr'><strong>visse</strong></span> <span class='ocrx_word' id='word_1_118' title='bbox 360 2170 519 2264; x_wconf 86' lang='lat' dir='ltr'><strong>videtur;</strong></span> <span class='ocrx_word' id='word_1_119' title='bbox 537 2170 713 2246; x_wconf 81' lang='lat' dir='ltr'><strong>intellexit</strong></span> <span class='ocrx_word' id='word_1_120' title='bbox 733 2196 819 2248; x_wconf 87' lang='lat' dir='ltr'><strong>vero</strong></span> <span class='ocrx_word' id='word_1_121' title='bbox 836 2170 927 2244; x_wconf 89' lang='lat' dir='ltr'><strong>nihil</strong></span> <span class='ocrx_word' id='word_1_122' title='bbox 943 2171 1039 2246; x_wconf 85' lang='lat' dir='ltr'><strong>aliud</strong></span> <span class='ocrx_word' id='word_1_123' title='bbox 1059 2173 1128 2246; x_wconf 90' lang='lat' dir='ltr'><strong>nisi</strong></span> <span class='ocrx_word' id='word_1_124' title='bbox 1149 2185 1310 2260; x_wconf 82' lang='lat' dir='ltr'><strong>naturam,</strong></span> 
     </span>
     <span class='ocr_line' id='line_1_16' title="bbox 250 2292 1311 2392; baseline -0.002 -26"><span class='ocrx_word' id='word_1_125' title='bbox 250 2296 374 2388; x_wconf 79' lang='grc' dir='ltr'><em>φύσιν,</em></span> <span class='ocrx_word' id='word_1_126' title='bbox 410 2306 455 2366; x_wconf 80' lang='grc' dir='ltr'><strong>ιιι</strong></span> <span class='ocrx_word' id='word_1_127' title='bbox 487 2292 587 2366; x_wconf 82' lang='lat' dir='ltr'><strong>Plato</strong></span> <span class='ocrx_word' id='word_1_128' title='bbox 617 2292 786 2392; x_wconf 73' lang='lat' dir='ltr'><strong>appellati</strong></span> <span class='ocrx_word' id='word_1_129' title='bbox 818 2294 842 2364; x_wconf 95' lang='lat' dir='ltr'><strong>i.</strong></span> <span class='ocrx_word' id='word_1_130' title='bbox 876 2318 911 2365; x_wconf 91' lang='lat' dir='ltr'><strong>e.</strong></span> <span class='ocrx_word' id='word_1_131' title='bbox 941 2307 1014 2366; x_wconf 87' lang='lat' dir='ltr'><strong>tam</strong></span> <span class='ocrx_word' id='word_1_132' title='bbox 1045 2293 1226 2392; x_wconf 85' lang='lat' dir='ltr'><strong>propriam</strong></span> <span class='ocrx_word' id='word_1_133' title='bbox 1252 2318 1311 2364; x_wconf 86' lang='lat' dir='ltr'><strong>co-</strong></span> 
     </span>
     <span class='ocr_line' id='line_1_17' title="bbox 249 2413 1311 2514; baseline -0.006 -26"><span class='ocrx_word' id='word_1_134' title='bbox 249 2413 380 2513; x_wconf 83' lang='lat' dir='ltr'><strong>jusque</strong></span> <span class='ocrx_word' id='word_1_135' title='bbox 411 2413 671 2488; x_wconf 86' lang='lat' dir='ltr'><strong>elementorum</strong></span> <span class='ocrx_word' id='word_1_136' title='bbox 704 2427 871 2486; x_wconf 82' lang='lat' dir='ltr'><strong>naturam</strong></span> <span class='ocrx_word' id='word_1_137' title='bbox 905 2439 1016 2514; x_wconf 83' lang='lat' dir='ltr'><strong>quam</strong></span> <span class='ocrx_word' id='word_1_138' title='bbox 1043 2428 1210 2488; x_wconf 84' lang='lat' dir='ltr'><strong>mutuam</strong></span> <span class='ocrx_word' id='word_1_139' title='bbox 1231 2415 1311 2485; x_wconf 85' lang='lat' dir='ltr'><strong>inter</strong></span> 
     </span>
     <span class='ocr_line' id='line_1_18' title="bbox 251 2533 1313 2634; baseline -0.003 -30"><span class='ocrx_word' id='word_1_140' title='bbox 251 2533 326 2632; x_wconf 84' lang='lat' dir='ltr'><strong>ipsa</strong></span> <span class='ocrx_word' id='word_1_141' title='bbox 357 2533 677 2628; x_wconf 84' lang='lat' dir='ltr'><strong>necessitudinem,</strong></span> <span class='ocrx_word' id='word_1_142' title='bbox 711 2533 845 2634; x_wconf 87' lang='lat' dir='ltr'><strong>quibus</strong></span> <span class='ocrx_word' id='word_1_143' title='bbox 868 2549 906 2607; x_wconf 86' lang='lat' dir='ltr'><strong>et</strong></span> <span class='ocrx_word' id='word_1_144' title='bbox 928 2534 1154 2634; x_wconf 83' lang='lat' dir='ltr'><strong>singulorum</strong></span> <span class='ocrx_word' id='word_1_145' title='bbox 1179 2545 1313 2634; x_wconf 83' lang='lat' dir='ltr'><strong>potestas</strong></span> 
     </span>
     <span class='ocr_line' id='line_1_19' title="bbox 252 2652 1311 2754; baseline -0.005 -27"><span class='ocrx_word' id='word_1_146' title='bbox 252 2667 289 2727; x_wconf 86' lang='lat' dir='ltr'><strong>et</strong></span> <span class='ocrx_word' id='word_1_147' title='bbox 311 2655 475 2730; x_wconf 91' lang='lat' dir='ltr'><strong>omnium</strong></span> <span class='ocrx_word' id='word_1_148' title='bbox 499 2655 594 2729; x_wconf 84' lang='lat' dir='ltr'><strong>inter</strong></span> <span class='ocrx_word' id='word_1_149' title='bbox 617 2681 654 2730; x_wconf 90' lang='lat' dir='ltr'><strong>se</strong></span> <span class='ocrx_word' id='word_1_150' title='bbox 677 2655 764 2728; x_wconf 87' lang='lat' dir='ltr'><strong>ordo</strong></span> <span class='ocrx_word' id='word_1_151' title='bbox 788 2656 970 2754; x_wconf 88' lang='lat' dir='ltr'><strong>totiusque</strong></span> <span class='ocrx_word' id='word_1_152' title='bbox 993 2655 1122 2730; x_wconf 89' lang='lat' dir='ltr'><strong>mundi</strong></span> <span class='ocrx_word' id='word_1_153' title='bbox 1145 2652 1311 2728; x_wconf 80' lang='lat' dir='ltr'><strong>harmonia</strong></span> 
     </span>
     <span class='ocr_line' id='line_1_20' title="bbox 251 2775 1312 2876; baseline -0.007 -28"><span class='ocrx_word' id='word_1_154' title='bbox 251 2788 427 2851; x_wconf 86' lang='lat' dir='ltr'><strong>servetur.</strong></span> <span class='ocrx_word' id='word_1_155' title='bbox 479 2775 580 2849; x_wconf 86' lang='lat' dir='ltr'><strong>Hanc</strong></span> <span class='ocrx_word' id='word_1_156' title='bbox 603 2775 794 2876; x_wconf 83' lang='lat' dir='ltr'><strong>appellavit</strong></span> <span class='ocrx_word' id='word_1_157' title='bbox 815 2778 1059 2850; x_wconf 85' lang='lat' dir='ltr'><strong>necessitatem</strong></span> <span class='ocrx_word' id='word_1_158' title='bbox 1078 2784 1163 2868; x_wconf 79' lang='lat'><strong>1⁵2,</strong></span> <span class='ocrx_word' id='word_1_159' title='bbox 1186 2786 1312 2850; x_wconf 84' lang='lat' dir='ltr'><strong>secutus</strong></span> 
     </span>
    </p>

    <p class='ocr_par' dir='ltr' id='par_1_3' title="bbox 144 2881 1312 3118">
     <span class='ocr_line' id='line_1_21' title="bbox 209 2881 1311 2996; baseline -0.005 -28"><span class='ocrx_word' id='word_1_160' title='bbox 209 2881 210 2890; x_wconf 8' lang='grc' dir='ltr'>ἵ</span> <span class='ocrx_word' id='word_1_161' title='bbox 253 2899 439 2992; x_wconf 64' lang='lat' dir='ltr'><strong>poetarum</strong></span> <span class='ocrx_word' id='word_1_162' title='bbox 465 2911 501 2971; x_wconf 87' lang='lat' dir='ltr'><strong>et</strong></span> <span class='ocrx_word' id='word_1_163' title='bbox 524 2896 813 2996; x_wconf 86' lang='lat' dir='ltr'><strong>philosophorum</strong></span> <span class='ocrx_word' id='word_1_164' title='bbox 838 2921 997 2988; x_wconf 86' lang='lat' dir='ltr'><strong>morem,</strong></span> <span class='ocrx_word' id='word_1_165' title='bbox 1015 2897 1081 2996; x_wconf 85' lang='lat' dir='ltr'><strong>qui</strong></span> <span class='ocrx_word' id='word_1_166' title='bbox 1097 2895 1194 2970; x_wconf 85' lang='lat' dir='ltr'><strong>illam</strong></span> <span class='ocrx_word' id='word_1_167' title='bbox 1209 2893 1311 2968; x_wconf 91' lang='lat' dir='ltr'><strong>domi-</strong></span> 
     </span>
     <span class='ocr_line' id='line_1_22' title="bbox 144 3015 1312 3118; baseline -0.003 -28"><span class='ocrx_word' id='word_1_168' title='bbox 144 3111 147 3116; x_wconf 22' lang='lat'><em>,</em></span> <span class='ocrx_word' id='word_1_169' title='bbox 252 3041 338 3091; x_wconf 85' lang='lat' dir='ltr'><strong>nam</strong></span> <span class='ocrx_word' id='word_1_170' title='bbox 357 3017 517 3093; x_wconf 86' lang='lat' dir='ltr'><strong>universi</strong></span> <span class='ocrx_word' id='word_1_171' title='bbox 537 3016 786 3117; x_wconf 82' lang='lat' dir='ltr'><strong>praedicabant</strong></span> <span class='ocrx_word' id='word_1_172' title='bbox 801 3017 869 3117; x_wconf 70' lang='lat'><strong>(*)3</strong></span> <span class='ocrx_word' id='word_1_173' title='bbox 889 3043 1043 3118; x_wconf 78' lang='lat' dir='ltr'><strong>eamqne</strong></span> <span class='ocrx_word' id='word_1_174' title='bbox 1061 3019 1196 3116; x_wconf 77' lang='lat' dir='ltr'><strong>politice</strong></span> <span class='ocrx_word' id='word_1_175' title='bbox 1213 3015 1312 3090; x_wconf 81' lang='lat' dir='ltr'><strong>infor·</strong></span> 
     </span>
    </p>
   </div>
   <div class='ocr_carea' id='block_1_3' title="bbox 251 3211 1312 4122">
    <p class='ocr_par' dir='ltr' id='par_1_4' title="bbox 251 3211 1312 3478">
     <span class='ocr_line' id='line_1_23' title="bbox 287 3211 1312 3295; baseline -0.005 -21"><span class='ocrx_word' id='word_1_176' title='bbox 287 3221 360 3291; x_wconf 81' lang='lat'>(150)</span> <span class='ocrx_word' id='word_1_177' title='bbox 376 3211 507 3275; x_wconf 75' lang='lat' dir='ltr'><strong>Plutarch.</strong></span> <span class='ocrx_word' id='word_1_178' title='bbox 523 3223 556 3275; x_wconf 87' lang='lat' dir='ltr'><strong>de</strong></span> <span class='ocrx_word' id='word_1_179' title='bbox 575 3223 654 3276; x_wconf 70' lang='lat' dir='ltr'><strong>inim.</strong></span> <span class='ocrx_word' id='word_1_180' title='bbox 672 3232 801 3293; x_wconf 79' lang='lat' dir='ltr'><strong>procreat.</strong></span> <span class='ocrx_word' id='word_1_181' title='bbox 812 3241 838 3292; x_wconf 92' lang='lat' dir='ltr'><strong>p.</strong></span> <span class='ocrx_word' id='word_1_182' title='bbox 853 3222 915 3275; x_wconf 80' lang='lat'>1⁰26</span> <span class='ocrx_word' id='word_1_183' title='bbox 927 3227 953 3275; x_wconf 84' lang='lat' dir='ltr'><strong>B.</strong></span> <span class='ocrx_word' id='word_1_184' title='bbox 965 3224 1021 3274; x_wconf 88' lang='lat' dir='ltr'><strong>Vol.</strong></span> <span class='ocrx_word' id='word_1_185' title='bbox 1037 3225 1071 3286; x_wconf 82' lang='lat' dir='ltr'><strong>X,</strong></span> <span class='ocrx_word' id='word_1_186' title='bbox 1082 3240 1108 3292; x_wconf 88' lang='lat' dir='ltr'><strong>p.</strong></span> <span class='ocrx_word' id='word_1_187' title='bbox 1122 3221 1170 3276; x_wconf 72' lang='grc' dir='ltr'><strong>νῦν</strong></span> <span class='ocrx_word' id='word_1_188' title='bbox 1182 3239 1217 3295; x_wconf 84' lang='lat' dir='ltr'><strong>sq.</strong></span> <span class='ocrx_word' id='word_1_189' title='bbox 1227 3224 1252 3272; x_wconf 83' lang='lat' dir='ltr'><strong>lt.</strong></span> <span class='ocrx_word' id='word_1_190' title='bbox 1262 3217 1312 3269; x_wconf 87' lang='lat' dir='ltr'><strong>Phi·</strong></span> 
     </span>
     <span class='ocr_line' id='line_1_24' title="bbox 251 3311 1312 3384; baseline 0.002 -22"><span class='ocrx_word' id='word_1_191' title='bbox 251 3311 340 3381; x_wconf 82' lang='lat' dir='ltr'><strong>iopen.</strong></span> <span class='ocrx_word' id='word_1_192' title='bbox 351 3313 378 3364; x_wconf 91' lang='lat' dir='ltr'><strong>in</strong></span> <span class='ocrx_word' id='word_1_193' title='bbox 390 3312 466 3365; x_wconf 78' lang='lat' dir='ltr'><strong>Arist.</strong></span> <span class='ocrx_word' id='word_1_194' title='bbox 476 3311 554 3379; x_wconf 87' lang='lat' dir='ltr'><strong>Phys.</strong></span> <span class='ocrx_word' id='word_1_195' title='bbox 565 3314 607 3376; x_wconf 87' lang='lat'><strong>11,</strong></span> <span class='ocrx_word' id='word_1_196' title='bbox 619 3314 653 3376; x_wconf 87' lang='lat' dir='ltr'><strong>G,</strong></span> <span class='ocrx_word' id='word_1_197' title='bbox 663 3330 689 3381; x_wconf 90' lang='lat' dir='ltr'><strong>p.</strong></span> <span class='ocrx_word' id='word_1_198' title='bbox 704 3329 742 3376; x_wconf 84' lang='lat'><strong>10,</strong></span> <span class='ocrx_word' id='word_1_199' title='bbox 757 3314 826 3368; x_wconf 89' lang='lat' dir='ltr'><strong>idem</strong></span> <span class='ocrx_word' id='word_1_200' title='bbox 837 3315 900 3368; x_wconf 86' lang='lat' dir='ltr'><strong>dicit</strong></span> <span class='ocrx_word' id='word_1_201' title='bbox 913 3319 964 3384; x_wconf 80' lang='grc' dir='ltr'><strong>τὴν</strong></span> <span class='ocrx_word' id='word_1_202' title='bbox 978 3314 1068 3384; x_wconf 76' lang='grc' dir='ltr'><em>τύχην</em></span> <span class='ocrx_word' id='word_1_203' title='bbox 1078 3325 1106 3368; x_wconf 87' lang='lat' dir='ltr'><strong>et</strong></span> <span class='ocrx_word' id='word_1_204' title='bbox 1119 3319 1152 3368; x_wconf 83' lang='grc' dir='ltr'><strong>τὸ</strong></span> <span class='ocrx_word' id='word_1_205' title='bbox 1165 3316 1312 3378; x_wconf 73' lang='grc' dir='ltr'><em>αὐτόματον.</em></span> 
     </span>
     <span class='ocr_line' id='line_1_25' title="bbox 254 3402 1253 3478; baseline 0.008 -24"><span class='ocrx_word' id='word_1_206' title='bbox 254 3407 306 3472; x_wconf 75' lang='grc' dir='ltr'><strong>τὴν</strong></span> <span class='ocrx_word' id='word_1_207' title='bbox 323 3407 376 3473; x_wconf 67' lang='grc' dir='ltr'><strong>γὰρ</strong></span> <span class='ocrx_word' id='word_1_208' title='bbox 393 3404 487 3467; x_wconf 72' lang='grc' dir='ltr'><em>φιλίαν</em></span> <span class='ocrx_word' id='word_1_209' title='bbox 504 3403 519 3454; x_wconf 77' lang='grc' dir='ltr'><strong><em>ὁ</em></strong></span> <span class='ocrx_word' id='word_1_210' title='bbox 536 3402 736 3473; x_wconf 75' lang='grc' dir='ltr'><strong><em>Ἐμπεδοκλῆς</em></strong></span> <span class='ocrx_word' id='word_1_211' title='bbox 755 3408 803 3458; x_wconf 79' lang='lat' dir='ltr'><strong>nol</strong></span> <span class='ocrx_word' id='word_1_212' title='bbox 822 3409 854 3458; x_wconf 78' lang='grc' dir='ltr'><strong>τὸ</strong></span> <span class='ocrx_word' id='word_1_213' title='bbox 872 3417 963 3468; x_wconf 65' lang='lat' dir='ltr'><strong>estnec</strong></span> <span class='ocrx_word' id='word_1_214' title='bbox 982 3413 1077 3468; x_wconf 74' lang='grc' dir='ltr'><strong><em>ταῦτα</em></strong></span> <span class='ocrx_word' id='word_1_215' title='bbox 1094 3403 1168 3464; x_wconf 71' lang='grc' dir='ltr'><em>εἶναι</em></span> <span class='ocrx_word' id='word_1_216' title='bbox 1184 3409 1253 3478; x_wconf 70' lang='grc' dir='ltr'><strong><em>ᾤετο.</em></strong></span> 
     </span>
    </p>

    <p class='ocr_par' dir='ltr' id='par_1_5' title="bbox 285 3493 1201 3572">
     <span class='ocr_line' id='line_1_26' title="bbox 285 3493 1201 3572; baseline 0.01 -28"><span class='ocrx_word' id='word_1_217' title='bbox 285 3494 359 3563; x_wconf 78' lang='lat'>(151)</span> <span class='ocrx_word' id='word_1_218' title='bbox 377 3494 487 3564; x_wconf 85' lang='lat' dir='ltr'><strong>Simplic.</strong></span> <span class='ocrx_word' id='word_1_219' title='bbox 505 3493 580 3562; x_wconf 75' lang='lat' dir='ltr'><strong>Phys.</strong></span> <span class='ocrx_word' id='word_1_220' title='bbox 596 3499 620 3554; x_wconf 86' lang='grc' dir='ltr'><strong>Ι,</strong></span> <span class='ocrx_word' id='word_1_221' title='bbox 636 3495 653 3547; x_wconf 85' lang='lat' dir='ltr'><strong>f.</strong></span> <span class='ocrx_word' id='word_1_222' title='bbox 670 3495 703 3558; x_wconf 71' lang='grc'><strong>43</strong></span> <span class='ocrx_word' id='word_1_223' title='bbox 719 3501 748 3550; x_wconf 79' lang='grc' dir='ltr'><strong>Δ.</strong></span> <span class='ocrx_word' id='word_1_224' title='bbox 779 3497 877 3550; x_wconf 82' lang='lat' dir='ltr'><strong>Locum</strong></span> <span class='ocrx_word' id='word_1_225' title='bbox 896 3501 968 3568; x_wconf 79' lang='lat' dir='ltr'><strong>tetigi</strong></span> <span class='ocrx_word' id='word_1_226' title='bbox 987 3517 1078 3570; x_wconf 78' lang='lat' dir='ltr'><strong>supra,</strong></span> <span class='ocrx_word' id='word_1_227' title='bbox 1096 3519 1122 3572; x_wconf 88' lang='lat' dir='ltr'><strong>p.</strong></span> <span class='ocrx_word' id='word_1_228' title='bbox 1143 3502 1201 3555; x_wconf 74' lang='lat'><strong>326.</strong></span> 
     </span>
    </p>

    <p class='ocr_par' dir='ltr' id='par_1_6' title="bbox 254 3582 1310 3849">
     <span class='ocr_line' id='line_1_27' title="bbox 284 3582 1310 3663; baseline 0.01 -29"><span class='ocrx_word' id='word_1_229' title='bbox 284 3583 359 3652; x_wconf 79' lang='lat'>(152)</span> <span class='ocrx_word' id='word_1_230' title='bbox 376 3585 498 3638; x_wconf 81' lang='lat' dir='ltr'><strong>Themist.</strong></span> <span class='ocrx_word' id='word_1_231' title='bbox 513 3582 589 3652; x_wconf 81' lang='lat' dir='ltr'><strong>Phys.</strong></span> <span class='ocrx_word' id='word_1_232' title='bbox 605 3601 675 3636; x_wconf 79' lang='lat' dir='ltr'><strong>ausc.</strong></span> <span class='ocrx_word' id='word_1_233' title='bbox 693 3589 734 3646; x_wconf 86' lang='lat'><strong>11,</strong></span> <span class='ocrx_word' id='word_1_234' title='bbox 752 3585 770 3637; x_wconf 81' lang='lat' dir='ltr'><strong>s.</strong></span> <span class='ocrx_word' id='word_1_235' title='bbox 790 3603 819 3651; x_wconf 65' lang='grc' dir='ltr'><strong>νγ</strong></span> <span class='ocrx_word' id='word_1_236' title='bbox 836 3592 868 3642; x_wconf 82' lang='lat' dir='ltr'><strong>ll:</strong></span> <span class='ocrx_word' id='word_1_237' title='bbox 884 3593 987 3653; x_wconf 73' lang='grc' dir='ltr'><em>πάντες</em></span> <span class='ocrx_word' id='word_1_238' title='bbox 998 3595 1101 3663; x_wconf 74' lang='grc' dir='ltr'><strong>σχεδὸν</strong></span> <span class='ocrx_word' id='word_1_239' title='bbox 1115 3597 1142 3646; x_wconf 74' lang='grc' dir='ltr'><strong>οἱ</strong></span> <span class='ocrx_word' id='word_1_240' title='bbox 1154 3589 1310 3663; x_wconf 68' lang='grc' dir='ltr'><strong>περὶφύσεως</strong></span> 
     </span>
     <span class='ocr_line' id='line_1_28' title="bbox 254 3675 1310 3757; baseline 0.004 -28"><span class='ocrx_word' id='word_1_241' title='bbox 254 3675 471 3744; x_wconf 72' lang='grc' dir='ltr'><strong>διαλεχθέντες.</strong></span> <span class='ocrx_word' id='word_1_242' title='bbox 490 3679 539 3734; x_wconf 69' lang='grc' dir='ltr'><strong>εἷς,</strong></span> <span class='ocrx_word' id='word_1_243' title='bbox 549 3680 601 3744; x_wconf 78' lang='grc' dir='ltr'><strong>τὴν</strong></span> <span class='ocrx_word' id='word_1_244' title='bbox 617 3678 737 3746; x_wconf 70' lang='grc' dir='ltr'><strong>ἀνάγκην</strong></span> <span class='ocrx_word' id='word_1_245' title='bbox 752 3681 881 3748; x_wconf 72' lang='grc' dir='ltr'><strong>ἀνάγουσι</strong></span> <span class='ocrx_word' id='word_1_246' title='bbox 899 3690 947 3746; x_wconf 81' lang='grc' dir='ltr'><strong>τὰς</strong></span> <span class='ocrx_word' id='word_1_247' title='bbox 966 3691 1074 3757; x_wconf 71' lang='grc' dir='ltr'><strong><em>αἰτίας,</em></strong></span> <span class='ocrx_word' id='word_1_248' title='bbox 1093 3688 1177 3740; x_wconf 69' lang='grc' dir='ltr'><em>οὐδὲν</em></span> <span class='ocrx_word' id='word_1_249' title='bbox 1194 3685 1252 3740; x_wconf 73' lang='grc' dir='ltr'><strong>ἄλλο</strong></span> <span class='ocrx_word' id='word_1_250' title='bbox 1267 3683 1310 3748; x_wconf 73' lang='lat' dir='ltr'><strong>rip</strong></span> 
     </span>
     <span class='ocr_line' id='line_1_29' title="bbox 254 3762 1309 3849; baseline 0.009 -29"><span class='ocrx_word' id='word_1_251' title='bbox 254 3771 374 3840; x_wconf 69' lang='grc' dir='ltr'><strong>ἀνάγκην</strong></span> <span class='ocrx_word' id='word_1_252' title='bbox 392 3773 408 3838; x_wconf 76' lang='grc' dir='ltr'><strong><em>ἢ</em></strong></span> <span class='ocrx_word' id='word_1_253' title='bbox 426 3774 477 3839; x_wconf 69' lang='grc' dir='ltr'><strong>τὴν</strong></span> <span class='ocrx_word' id='word_1_254' title='bbox 492 3767 561 3837; x_wconf 58' lang='lat' dir='ltr'><strong>illanc</strong></span> <span class='ocrx_word' id='word_1_255' title='bbox 580 3762 653 3823; x_wconf 74' lang='grc' dir='ltr'><em>εἶναι</em></span> <span class='ocrx_word' id='word_1_256' title='bbox 670 3775 840 3839; x_wconf 70' lang='grc' dir='ltr'><strong>νομίζοντες.</strong></span> <span class='ocrx_word' id='word_1_257' title='bbox 856 3777 889 3828; x_wconf 82' lang='lat' dir='ltr'><strong>cl.</strong></span> <span class='ocrx_word' id='word_1_258' title='bbox 905 3777 1043 3849; x_wconf 83' lang='lat' dir='ltr'><strong>Philopon.</strong></span> <span class='ocrx_word' id='word_1_259' title='bbox 1061 3779 1137 3848; x_wconf 69' lang='lat' dir='ltr'><strong>Phys</strong></span> <span class='ocrx_word' id='word_1_260' title='bbox 1154 3778 1309 3842; x_wconf 74' lang='lat' dir='ltr'><strong>lll‚1.‚ttq·</strong></span> 
     </span>
    </p>

    <p class='ocr_par' dir='ltr' id='par_1_7' title="bbox 253 3861 1311 4122">
     <span class='ocr_line' id='line_1_30' title="bbox 287 3861 1311 3935; baseline 0.008 -22"><span class='ocrx_word' id='word_1_261' title='bbox 287 3861 326 3926; x_wconf 60' lang='grc' dir='ltr'><strong>(ἢ</strong></span> <span class='ocrx_word' id='word_1_262' title='bbox 352 3863 449 3914; x_wconf 78' lang='lat' dir='ltr'><strong>Notum</strong></span> <span class='ocrx_word' id='word_1_263' title='bbox 466 3861 531 3914; x_wconf 88' lang='lat' dir='ltr'><strong>illud</strong></span> <span class='ocrx_word' id='word_1_264' title='bbox 549 3863 699 3919; x_wconf 75' lang='lat' dir='ltr'><strong>Menandri:</strong></span> <span class='ocrx_word' id='word_1_265' title='bbox 726 3868 822 3920; x_wconf 69' lang='grc' dir='ltr'><em>δοῦλον</em></span> <span class='ocrx_word' id='word_1_266' title='bbox 842 3902 851 3920; x_wconf 88' lang='grc'><strong>.</strong></span> <span class='ocrx_word' id='word_1_267' title='bbox 872 3905 879 3920; x_wconf 91' lang='grc'><strong><em>.</em></strong></span> <span class='ocrx_word' id='word_1_268' title='bbox 902 3905 909 3921; x_wconf 90' lang='grc'><strong>.</strong></span> <span class='ocrx_word' id='word_1_269' title='bbox 933 3869 948 3920; x_wconf 76' lang='grc' dir='ltr'>ὁ</span> <span class='ocrx_word' id='word_1_270' title='bbox 966 3871 1100 3935; x_wconf 67' lang='grc' dir='ltr'><strong>βασιλεὺς</strong></span> <span class='ocrx_word' id='word_1_271' title='bbox 1117 3871 1206 3934; x_wconf 67' lang='lat' dir='ltr'><strong>denir,</strong></span> <span class='ocrx_word' id='word_1_272' title='bbox 1223 3869 1236 3919; x_wconf 80' lang='grc' dir='ltr'>ὁ</span> <span class='ocrx_word' id='word_1_273' title='bbox 1253 3865 1311 3920; x_wconf 69' lang='lat' dir='ltr'><strong>oete</strong></span> 
     </span>
     <span class='ocr_line' id='line_1_31' title="bbox 254 3953 1310 4032; baseline -0.001 -21"><span class='ocrx_word' id='word_1_274' title='bbox 254 3953 381 4020; x_wconf 65' lang='grc' dir='ltr'><strong>ἀνάγκης·</strong></span> <span class='ocrx_word' id='word_1_275' title='bbox 404 3953 443 4004; x_wconf 83' lang='lat' dir='ltr'><strong>De</strong></span> <span class='ocrx_word' id='word_1_276' title='bbox 453 3969 506 4024; x_wconf 80' lang='lat' dir='ltr'><strong>qna</strong></span> <span class='ocrx_word' id='word_1_277' title='bbox 515 3953 642 4005; x_wconf 81' lang='lat' dir='ltr'><strong>sententia</strong></span> <span class='ocrx_word' id='word_1_278' title='bbox 655 3954 860 4022; x_wconf 76' lang='lat' dir='ltr'><strong>plureldeineke</strong></span> <span class='ocrx_word' id='word_1_279' title='bbox 870 3961 898 4012; x_wconf 88' lang='lat' dir='ltr'><strong>in</strong></span> <span class='ocrx_word' id='word_1_280' title='bbox 909 3962 1046 4014; x_wconf 75' lang='lat' dir='ltr'><strong>Menandri</strong></span> <span class='ocrx_word' id='word_1_281' title='bbox 1058 3962 1124 4015; x_wconf 80' lang='lat' dir='ltr'><strong>Reli.</strong></span> <span class='ocrx_word' id='word_1_282' title='bbox 1137 3980 1162 4032; x_wconf 92' lang='lat' dir='ltr'><strong>p.</strong></span> <span class='ocrx_word' id='word_1_283' title='bbox 1175 3961 1226 4024; x_wconf 82' lang='lat'><strong>367.</strong></span> <span class='ocrx_word' id='word_1_284' title='bbox 1239 3957 1310 4010; x_wconf 77' lang='lat' dir='ltr'><strong>Etiam</strong></span> 
     </span>
     <span class='ocr_line' id='line_1_32' title="bbox 253 4043 1309 4122; baseline 0.005 -26"><span class='ocrx_word' id='word_1_285' title='bbox 253 4043 421 4098; x_wconf 77' lang='lat' dir='ltr'><strong>Parmenides</strong></span> <span class='ocrx_word' id='word_1_286' title='bbox 433 4043 532 4114; x_wconf 79' lang='lat' dir='ltr'><strong>saepius</strong></span> <span class='ocrx_word' id='word_1_287' title='bbox 548 4046 668 4113; x_wconf 72' lang='grc' dir='ltr'><strong>ἀνάγκην</strong></span> <span class='ocrx_word' id='word_1_288' title='bbox 683 4057 822 4114; x_wconf 77' lang='lat' dir='ltr'><strong>memorat,</strong></span> <span class='ocrx_word' id='word_1_289' title='bbox 837 4049 869 4104; x_wconf 85' lang='lat' dir='ltr'><strong>de</strong></span> <span class='ocrx_word' id='word_1_290' title='bbox 887 4067 940 4121; x_wconf 86' lang='lat' dir='ltr'><strong>quo</strong></span> <span class='ocrx_word' id='word_1_291' title='bbox 958 4051 1087 4122; x_wconf 75' lang='lat' dir='ltr'><strong>disputavi</strong></span> <span class='ocrx_word' id='word_1_292' title='bbox 1099 4054 1127 4106; x_wconf 92' lang='lat' dir='ltr'><strong>in</strong></span> <span class='ocrx_word' id='word_1_293' title='bbox 1137 4053 1244 4106; x_wconf 80' lang='lat' dir='ltr'><strong>Parnon.</strong></span> <span class='ocrx_word' id='word_1_294' title='bbox 1254 4043 1309 4098; x_wconf 82' lang='lat' dir='ltr'><strong>llell·</strong></span> 
     </span>
    </p>
   </div>
   <div class='ocr_carea' id='block_1_4' title="bbox 252 4131 355 4201">
    <p class='ocr_par' dir='ltr' id='par_1_8' title="bbox 252 4131 355 4201">
     <span class='ocr_line' id='line_1_33' title="bbox 252 4131 355 4201; baseline 0.01 -16"><span class='ocrx_word' id='word_1_295' title='bbox 252 4149 277 4201; x_wconf 90' lang='lat' dir='ltr'><strong>p.</strong></span> <span class='ocrx_word' id='word_1_296' title='bbox 301 4131 355 4199; x_wconf 75' lang='lat'><strong>237.</strong></span> 
     </span>
    </p>
   </div>
   <div class='ocr_carea' id='block_1_5' title="bbox 0 0 1403 4914">
    <p class='ocr_par' dir='ltr' id='par_1_9' title="bbox 0 0 1403 4914">
     <span class='ocr_line' id='line_1_34' title="bbox 0 0 1403 4914; baseline 0 0"><span class='ocrx_word' id='word_1_297' title='bbox 0 0 1403 4914; x_wconf 95' lang='lat' dir='ltr'><strong> </strong></span> 
     </span>
    </p>
   </div>
  </div>
 </body>
</html>
