2846 4904
530 436 769 487 annosorum.
886 459 890 466 ·
1123 426 1187 488 tat

105 625 217 702 quam
246 601 424 674 crescendi
452 601 685 701 principium:
717 629 802 678 nam
829 605 859 678 si
886 601 1045 678 diversae
1068 617 1187 700 partes

105 724 244 798 diversa
275 733 461 819 appetant,
491 721 673 822 quodnam
703 725 771 798 erit
800 724 943 798 illarum
975 723 1189 801 vinculum?

105 844 196 945 quid
216 839 416 942 prohibebit
439 845 636 942 quominus
655 841 892 922 divellantur?
907 853 971 896 ²⁰³
1013 845 1120 936 Quod
1141 844 1186 918 ad

20 981 25 992 ‘
105 964 267 1076 primum
297 963 442 1052 attinet,
472 964 703 1062 Empedocles
733 992 868 1066 supra
897 979 934 1040 et
958 965 1075 1040 infra
1099 964 1190 1040 dixit

103 1086 363 1163 convenienter
387 1082 430 1156 ad
456 1085 606 1178 mundi,
630 1087 910 1181 elementorum,
935 1085 1022 1162 coeli
1047 1100 1185 1162 terrae-

103 1233 178 1308 que
210 1208 337 1297 situm3
368 1205 500 1279 deinde
533 1207 561 1278 si
591 1207 777 1282 vinculum
817 1222 1013 1309 quaeratur
1048 1207 1185 1284 diversa

98 1353 296 1426 ⁴corporum
328 1325 483 1400 membra
512 1330 715 1421 continens,
749 1329 979 1405 recordemur
1003 1328 1187 1402 Amicitiae

104 1449 180 1522 vim
205 1474 248 1536 ex
275 1445 497 1544 Empedoclis
521 1450 696 1522 sententia
721 1475 797 1523 non
822 1450 936 1524 solum
958 1451 997 1522 in
1015 1448 1187 1526 universo

104 1567 260 1656 mundo,
296 1567 358 1640 sed
394 1569 501 1640 etiarn
537 1568 575 1640 in
611 1570 814 1644 mortalium
840 1569 991 1644 artubus
1015 1567 1182 1643 insidere:

104 1689 193 1764 haec
221 1687 328 1762 efficit
349 1689 545 1787 quominus
572 1688 732 1767 diversae
756 1704 872 1789 partes
896 1689 1110 1765 dilabantur.

153 1809 309 1901 Quidam
346 1824 467 1883 autem
502 1809 547 1882 ab
579 1812 794 1908 Empedocle
827 1811 901 1886 duo
925 1810 1031 1901 haec,
1064 1809 1122 1882 ali
1151 1825 1188 1884 et

104 1955 317 2022 crescere,
342 1930 515 2026 distingui
540 1929 686 2023 volunt,
712 1947 754 2006 ut
777 1931 993 2006 Plutarchus
1016 1935 1055 2003 in
1071 1929 1188 2004 Placi-

104 2051 149 2124 tis
174 2050 329 2126 scribens
344 2063 422 2123 20⁴:
452 2048 681 2149 Ἐμπεδοκλῆς
707 2051 933 2152 τρέφεσθαι
960 2054 1021 2148 μὲν
1047 2053 1094 2128 σοι
1119 2051 1188 2147 ζῶα
1238 2127 1240 2131 .

104 2169 164 2248 δια
195 2172 252 2262 rip
281 2172 466 2248 ὑπόστασιν
497 2203 557 2250 σον
586 2176 719 2266 οίιιείον,
750 2171 947 2265 αὔξεσθαι
983 2171 1106 2250 teliu
1133 2174 1189 2263 etv

104 2293 285 2390 παρουσίαν
311 2321 370 2370 σου
400 2292 539 2393 θερμοῦ,
569 2293 739 2391 μειοῦσθαι
764 2294 800 2373 cle
827 2297 884 2370 aa>
907 2291 1027 2391 φθίνειν
1050 2292 1106 2370 hh
1133 2295 1189 2383 σὴν

104 2412 253 2507 ἔλλειψιν
274 2417 441 2514 ἑκατέρων.
468 2417 491 2492 i.
519 2443 551 2489 e.
578 2416 623 2488 ali
648 2411 846 2490 animantes
863 2414 1035 2489 similium
1051 2440 1188 2514 suppe-

105 2536 294 2628 ditatione,
316 2563 473 2612 crescere
498 2536 613 2612 calore
635 2541 710 2611 sive
734 2539 825 2635 ignis
850 2538 886 2614 vi
910 2561 1006 2636 quae
1029 2537 1112 2634 ipsis
1135 2536 1190 2607 in·
1271 2624 1274 2630 ,

105 2670 169 2730 est.
222 2657 397 2732 Placitum
426 2685 498 2732 non
523 2657 1014 2756 incongruum-Empedoclis
1037 2670 1190 2732 senten·

106 2779 190 2868 tiae,
223 2780 360 2877 quippe
390 2779 456 2879 qni
485 2779 607 2877 ignem
634 2777 766 2850 natural
787 2781 853 2850 sul
876 2803 1020 2852 sursum
1043 2777 1191 2852 tendere

105 2895 338 2990 existimarim
369 2924 415 2970 an
449 2914 568 2974 tamen
601 2897 705 2972 ambo
731 2901 794 2972 ista
814 2898 1032 2991 distinxerit,
1054 2898 1189 2972 dubito.

105 3017 308 3091 Aristoteles
327 3033 423 3092 certe
440 3044 516 3093 non
535 3017 639 3092 modo
663 3043 704 3092 ca
729 3042 802 3091 non
828 3019 995 3110 secernit,
1018 3017 1078 3092 sed
1103 3043 1189 3115 pos-

47 3115 53 3124 .
105 3139 218 3210 terius
253 3139 360 3212 etiam
388 3139 559 3236 placitum
592 3151 634 3212 ut
658 3137 882 3237 Empedoclis
906 3137 1104 3212 sententiae
1127 3163 1189 3232 op·

106 3259 261 3355 positum
293 3274 480 3333 memorat:
510 3285 595 3331 nam
630 3274 708 3357 post
736 3258 793 3332 illa
821 3283 915 3358 quae
940 3257 1045 3331 modo
1070 3257 1189 3348 attuli,

106 3376 335 3474 Ἐμπεδοκλῆς
368 3377 397 3456 δ’
432 3382 468 3453 ου’
505 3383 612 3460 καλῶς
642 3374 744 3476 ilpunc
776 3387 898 3471 τοῦτο,
931 3377 1103 3477 προσθέσει
1134 3377 1190 3467 τὴν

107 3505 243 3593 αὔξησιν
263 3503 460 3600 συμβαίνειν
481 3515 556 3578 κτλ.
575 3501 663 3574 haec
686 3501 853 3599 deinceps
874 3498 1078 3600 subjungit:
1103 3497 1198 3576 δοκεῖ
1259 3501 1262 3508 ’

108 3623 147 3700 de'
169 3652 253 3701 τισιν
280 3627 298 3715 ἡ
322 3633 381 3700 τοῦ
409 3626 507 3722 σορὸς
529 3628 631 3720 φύσις
655 3623 771 3703 dator
792 3622 884 3696 αἰτία
903 3623 963 3708 τῆς
986 3625 1112 3720 σροφῆι
1130 3595 1190 3697 aral

138 3840 215 3907 (203)
232 3839 335 3892 Aristot.
357 3839 372 3890 l.
397 3839 412 3889 l.
434 3845 464 3891 vt
477 3844 509 3892 τὸ
528 3844 642 3909 συνέχον
662 3842 703 3898 εἰς
719 3838 855 3890 τάναντία
872 3840 1012 3908 φερόμενα
1028 3857 1061 3891 το
1073 3841 1189 3910 atip'aal

104 3937 158 4000 τὴν
185 3937 254 3999 ya‘m
280 3934 527 4001 διασπασθήσεται
551 3937 620 4002 γὰρ,
652 3934 679 3985 εἴ
696 3937 734 4000 μή
752 3952 779 3982 τι
800 3931 878 3983 ἔσται
898 3932 929 3982 τὸ
953 3931 1080 3984 κωλῦσον·
1110 3937 1137 3986 αἶ
1156 3934 1189 3988 dl

105 4027 186 4078 ἔσται
192 4060 202 4088 ,
216 4020 296 4076 τοῦτ’
310 4027 386 4077 ἐστίν
397 4028 415 4092 ἡ
425 4031 502 4095 ψυχὴ
513 4007 605 4077 nul-ad
616 4025 707 4078 αἴτιον
718 4028 768 4078 τοῦ
784 4025 954 4085 αὐξάνεσθαι
966 4027 1014 4076 καὶ
1026 4029 1190 4096 τρέφεσθαι·
1253 4018 1257 4027 ’

138 4117 214 4182 (aci)
230 4115 364 4169 Plutarch.
383 4117 453 4169 Plac.
473 4115 536 4186 phil.
554 4119 586 4182 V,
606 4133 651 4181 a7;
668 4117 756 4170 Galen.
770 4117 835 4168 nist.
854 4116 916 4184 phil.
938 4119 1086 4170 xxxvln.
1127 4175 1132 4186 ¹
