2796 4914
291 434 355 498 356
682 450 730 496 nn
754 448 971 497 snrnnocms

290 611 442 686 alterum
461 639 545 688 vero
568 638 641 687 non
663 615 784 687 minus
801 617 840 688 in
860 614 1052 689 Aristotelis
1075 616 1334 716 interpretatione

289 758 398 831 quam
412 734 450 804 in
461 733 682 833 Empedoclis
699 739 873 810 sententia
890 739 1044 836 positum
1055 737 1210 814 videtur.
1235 739 1334 810 Aristo·

289 852 376 925 teles
396 855 493 926 enim
514 858 629 950 orum
649 868 685 928 et
706 861 805 939 νεῖκος
826 859 1119 957 interpretans'rl
1136 857 1259 958 dryadia
1271 871 1299 932 et
1308 862 1334 932 al

289 977 409 1068 analo,
439 975 604 1052 bonum
627 993 671 1086 et.
685 978 849 1052 malum
873 978 1028 1077 postulat
1049 1006 1123 1053 esse
1146 979 1244 1070 talia,
1268 1006 1336 1079 quae

289 1097 354 1169 sibi
387 1099 484 1172 omni
521 1126 567 1172 ex
603 1113 702 1198 parte
738 1101 892 1200 opposita
921 1101 991 1173 sint
1026 1116 1061 1174 et
1091 1104 1263 1175 contraria
1289 1124 1337 1172 nec

289 1219 487 1319 quidquam
509 1220 663 1294 habeant
690 1247 898 1313 commune,
927 1235 970 1294 ut
993 1221 1146 1297 alterum
1172 1225 1219 1296 sit
1242 1249 1295 1321 per
1311 1245 1336 1292 sc

207 1387 209 1394 ·
288 1339 443 1431 menan,
476 1339 727 1439 alterum‚per
761 1367 798 1414 se
829 1341 984 1434 malum,
1016 1343 1179 1416 Amicitia
1219 1369 1293 1418 vero
1313 1355 1338 1414 et

195 1499 200 1512 ·
287 1459 479 1553 Discordia,
502 1475 546 1534 ut
566 1460 734 1534 dissensio
757 1475 793 1534 et
817 1465 1014 1555 consensio,
1040 1467 1187 1538 secretio
1215 1478 1251 1538 et
1272 1488 1336 1535 oon-

287 1582 405 1673 cretio,
420 1583 484 1655 etsi
502 1582 597 1654 inter
612 1607 648 1654 se
664 1583 858 1680 oppositae,
875 1597 961 1655 sunt
974 1598 1094 1656 tamen
1112 1583 1279 1682 ejusmodi
1291 1607 1338 1670 res,

287 1730 442 1804 quarum
474 1701 582 1775 altera
610 1705 762 1800 separari
793 1703 837 1774 ab
863 1703 970 1776 altera
1001 1719 1170 1798 nequeat.
1223 1705 1303 1779 Nam
1320 1706 1339 1774 si

287 1825 425 1898 diversa
454 1825 492 1895 in
522 1849 639 1896 unum
665 1822 915 1914 conciliantur,
941 1849 983 1896 ea
1011 1849 1105 1924 quae
1133 1824 1280 1924 singulis
1301 1825 1339 1895 his

286 1947 427 2043 propria
457 1958 559 2016 erant
591 1957 848 2036 secernuntur,
876 1970 916 2016 ac
951 1946 1101 2021 vicissim
1130 1945 1159 2018 si
1187 1973 1296 2020 unum
1313 1946 1339 2014 in

287 2068 400 2141 multa
435 2066 635 2158 dirimitur,
669 2091 763 2164 quae
795 2065 940 2163 singulis
970 2065 1130 2164 partibus
1160 2067 1341 2162 communia

285 2204 372 2264 sunt
397 2202 675 2287 congregantur:
705 2189 868 2288 sicergo
895 2191 993 2282 Φιλίοε
1022 2203 1058 2260 et
1086 2193 1185 2266 asinoe
1213 2189 1341 2261 alterum

199 2309 204 2315 ’
285 2339 369 2408 cum
399 2311 506 2383 altero
531 2309 724 2382 necessario
749 2334 908 2382 connexa
932 2323 1035 2402 sunt,
1070 2335 1137 2383 nec
1162 2312 1302 2391 mirum,
1320 2305 1342 2377 si

283 2435 328 2506 sit
344 2434 438 2504 inter
453 2431 528 2528 ipsa
545 2426 859 2527 aliqua‘actionum
877 2429 1108 2504 necessitudo,
1134 2431 1236 2503 Hanc
1246 2445 1344 2502 tamen

284 2550 582 2626 necessitudinem
600 2549 660 2622 ille
678 2574 751 2620 non
768 2549 1032 2644 animadvertit,
1047 2551 1226 2652 siquidem
1248 2548 1347 2622 ambas

283 2674 361 2746 illas
383 2674 476 2748 vires
500 2672 568 2744 sibi
596 2673 750 2748 invicem
773 2671 963 2744 contrarias
987 2686 1024 2744 et
1050 2673 1195 2746 seorsim
1224 2685 1347 2772 agentes

283 2796 377 2869 facit.
427 2794 616 2867 Caeterum
642 2793 826 2865 Amicitiae
849 2791 951 2890 longe
973 2797 1260 2892 praestantiores,
1280 2793 1345 2864 Dis·

284 2917 421 3008 cordiae
444 2914 634 2989 deteriores
661 2914 787 2987 tribuit
811 2926 937 3016 partes.
980 2914 1142 2987 Amicitia
1171 2929 1295 2989 cuncta
1317 2915 1346 2985 in

283 3041 405 3113 unum
425 3036 632 3130 conciliem,
655 3036 849 3133 perfectam
865 3035 961 3109 illam
978 3033 1085 3109 efficit
1102 3039 1261 3112 universi
1278 3035 1348 3107 laar-

283 3163 460 3249 moniam,
488 3156 663 3246 Discordia
689 3154 782 3228 hanc
805 3153 939 3231 divellit
964 3170 1001 3229 et
1024 3159 1063 3228 in
1084 3156 1242 3233 diversas
1262 3155 1346 3256 quasi

284 3283 451 3362 factiones
473 3281 650 3370 distrahit3
677 3280 735 3352 illa
757 3305 883 3354 rursus
903 3277 1041 3351 diversa
1064 3277 1240 3352 elementa
1263 3301 1348 3349 eom-

283 3429 437 3501 ponens,
458 3399 586 3474 mundi
607 3400 768 3474 ordinem
788 3399 909 3489 efficit,
930 3397 1016 3472 haec
1033 3399 1220 3496 composita
1243 3393 1348 3471 direl-

282 3525 375 3615 lens,
392 3523 553 3596 ordinem
572 3521 759 3596 disturbat.
787 3522 914 3620 Itaque
934 3522 998 3593 etsi
1017 3519 1140 3592 ambae
1159 3523 1259 3620 quasi
1277 3543 1349 3615 par-

282 3645 346 3718 aito
364 3627 475 3744 'operio
498 3657 534 3716 et
557 3641 753 3740 conjunctis
776 3641 912 3718 viribus
933 3640 1093 3713 laborant
1116 3640 1161 3712 ad
1181 3639 1352 3712 mundum

282 3763 546 3856 fabricandum,
574 3778 694 3836 tamen
724 3765 886 3837 Amicitia
920 3777 993 3836 tam
1029 3765 1067 3836 in
1096 3762 1201 3836 rebus
1234 3757 1352 3832 divinis

282 3871 392 3983 quam¹
416 3885 583 3958 humanis
605 3887 724 3958 omnia
746 3885 888 3958 meliora
911 3883 1043 3974 reddit,
1067 3881 1243 3956 Discordia
1264 3881 1354 3953 dete·

210 4019 212 4024 ’
282 4009 388 4100 riora3
405 4007 463 4079 illa
481 4006 669 4080 concilians
687 4021 814 4080 cuncta
836 4007 1170 4106 communicansque
1184 4000 1356 4102 diviniora

178 4113 179 4120 ἵ
286 4128 379 4224 lacit,
404 4127 490 4203 h'aec
514 4127 671 4203 alienans
696 4142 731 4202 et
756 4127 895 4227 singula
922 4127 965 4201 ad
990 4153 1027 4202 se
1051 4129 1198 4226 rapiens,
1227 4121 1354 4196 debili·
