2768 4916
276 401 318 460 st
672 409 719 454 nn
742 407 960 460 nurnnoents

279 605 388 684 quam
398 575 631 675 Theophrasti
647 573 838 649 aumoritas
856 569 959 646 facile
978 573 1129 652 revincit
1144 583 1221 644 ¹⁵⁴.
1245 573 1338 666 Quod

276 702 444 798 deinceps
475 693 639 770 additum
672 709 746 787 est,
776 693 880 768 illum
912 693 1089 793 posterius
1119 693 1339 796 Pythagoreos

246 823 417 924 adiisse,
447 844 532 894 cum
564 815 817 890 Alcidamantis
849 817 1052 894 narratione
1083 815 1260 910 concinit,
1284 817 1340 890 etsi

276 940 508 1045 probabilius,
534 938 638 1012 illum
659 939 732 1039 jam
753 953 876 1034 antea,
903 965 1021 1041 quum
1043 938 1186 1040 juvenis
1208 941 1247 1014 in
1269 939 1340 1012 sici-

277 1065 324 1138 lia
345 1063 505 1166 degeret,
519 1060 748 1161 Pythagorica
764 1059 889 1160 placita
907 1075 1075 1158 gustasse.
1110 1061 1270 1135 Fortasse
1287 1062 1340 1133 ista

278 1186 397 1286 opinio
428 1183 513 1258 inde
543 1195 639 1275 orta,
675 1181 791 1282 quod,
822 1198 866 1258 ut
894 1181 998 1259 modo
1029 1179 1122 1275 dixi,
1157 1180 1340 1282 provectior

278 1321 392 1384 aetate
419 1305 576 1382 Thurios
603 1305 643 1378 in
669 1305 808 1380 Italiam
833 1308 878 1380 sit
905 1307 1107 1406 proiectus,
1138 1307 1341 1406 quaeregio

276 1430 466 1527 praecipua
485 1423 561 1500 tuit
587 1425 838 1528 Pythagoricae
861 1427 1064 1527 disciplinae
1087 1429 1199 1504 sedes.

326 1550 407 1624 Jam
426 1550 532 1626 variis
554 1547 609 1622 his
627 1550 835 1624 testimoniis
855 1551 950 1624 inter
971 1575 1008 1624 se
1030 1549 1251 1650 ponderatis,
1275 1549 1342 1624 satis

276 1686 372 1778 certo
393 1684 550 1746 statuere
572 1669 670 1762 licet,
687 1670 939 1769 Empedoclem
957 1671 1140 1771 disciplina
1157 1697 1266 1745 usum
1282 1695 1343 1744 esse

276 1791 601 1884 Parmenidis,
633 1791 792 1890 eundem
815 1795 1130 1893 Anaxagorae
1156 1820 1232 1867 non
1253 1796 1344 1894 igna-

276 1941 362 1990 rum
384 1903 516 2006 funes,
536 1914 733 2013 praecipue
758 1939 843 1991 vero
860 1939 898 1990 se
916 1915 1126 2014 applicuisse
1140 1915 1185 1988 ad
1206 1914 1345 2016 Pytha·

149 2115 152 2123 ,
277 2061 454 2136 goreos,
474 2061 634 2136 quorum
655 2035 827 2134 exemplis
844 2035 1059 2136 placitisque
1080 2038 1239 2110 maxime
1262 2033 1346 2112 vide·

277 2172 339 2232 tur
359 2170 574 2249 commotus,
595 2155 694 2257 quod
712 2171 785 2230 tam
807 2155 1026 2256 philosophia
1043 2155 1121 2256 ejus
1136 2183 1249 2257 quam
1269 2159 1346 2233 vitae

277 2299 495 2379 morumque
516 2276 648 2375 elligies
672 2277 900 2352 demonstrat.

327 2397 503 2490 Quamvis
516 2411 638 2470 antem
656 2396 788 2470 horum
805 2399 1001 2497 praeceptis
1011 2397 1223 2502 placitisqne
1233 2402 1348 2475 tinctus

185 2519 188 2526 ’
279 2532 388 2610 esset,
411 2543 485 2591 non
508 2530 629 2592 tamen
650 2517 772 2592 isfuit
793 2519 1045 2628 Empedocles,
1067 2523 1134 2622 qui
1160 2538 1274 2598 sectae
1298 2520 1349 2593 ali·

281 2641 341 2714 cui
381 2665 417 2714 se
457 2636 634 2712 addiceret
680 2654 743 2713 aut
776 2665 823 2715 ex
869 2642 983 2716 aliena
1015 2640 1175 2718 doctrina
1216 2655 1349 2744 saperet.

165 2771 168 2777 '
280 2761 497 2860 Sapientiam
525 2785 629 2833 suam
658 2787 704 2836 ex
737 2762 1001 2861 augustioribus
1035 2763 1155 2838 hausit
1186 2764 1347 2839 fontibus:

239 2974 241 2978 .
280 2884 441 2980 primum
461 2907 483 2956 e
502 2896 653 2976 natura,
669 2885 774 2980 cujus
791 2897 962 2958 strenuus
980 2885 1053 2958 fuit
1071 2899 1265 2980 scrutator3
1283 2902 1349 2958 tum

184 3033 189 3044 ·
281 3029 328 3077 ex
358 3003 592 3105 antiquitate,
624 3002 729 3102 cujus
763 3003 867 3078 effata
897 3005 1051 3082 studiose
1072 3007 1267 3082 sciscitatus
1287 3020 1349 3080 ast:

281 3124 479 3199 Homerum
505 3123 694 3224 diligenter
721 3123 805 3223 legit
829 3133 867 3178 ¹⁵
874 3134 892 3178 ⁵
902 3153 913 3220 ς
937 3129 976 3201 iu
997 3131 1172 3230 mysteriis
1194 3157 1266 3204 non
1288 3124 1349 3200 fuit

281 3245 408 3346 hospes
426 3247 505 3340 ¹⁵⁶3
523 3247 687 3319 omnium
705 3269 790 3319 vero
810 3249 965 3324 maxime
986 3276 1008 3324 e
1030 3251 1156 3326 ditiore
1178 3251 1238 3326 illa
1260 3273 1349 3324 men·

316 3470 387 3541 (aaa)
404 3471 501 3524 Omitto
512 3471 583 3541 qnod
595 3471 725 3524 Diodorus
735 3473 860 3544 Ephesius
873 3476 991 3545 scripsit.
1006 3481 1066 3530 enm
1080 3469 1261 3534 Anaximandri
1273 3497 1349 3533 aemo-

286 3567 340 3618 lum
350 3565 435 3617 luisse.
468 3561 535 3615 Nam
549 3563 620 3616 istud
636 3565 815 3634 ἐζηλωκέναι,
832 3571 974 3632 narraturi,
992 3578 1079 3637 potest
1095 3582 1214 3640 spectare
1225 3574 1258 3626 ad
1268 3569 1350 3625 inaxi-

286 3655 388 3712 mandri
399 3655 548 3736 exemplum
564 3661 591 3706 et
603 3655 672 3708 ritae
688 3660 829 3725 rationem3
845 3660 960 3732 alioquin
974 3677 1081 3731 prorsus
1093 3672 1251 3732 repugnaret
1262 3671 1349 3728 tempo·

287 3743 367 3798 ribus.
401 3745 478 3810 attigi
489 3741 579 3794 hocin
590 3743 744 3800 Parmenide
755 3765 783 3818 p.
798 3765 813 3814 7
827 3767 865 3822 sq.
876 3759 904 3804 et
917 3751 978 3806 add.
991 3768 1018 3822 p.
1029 3753 1087 3817 276.

319 3831 392 3901 (155)
410 3831 554 3886 Ostendent
569 3831 620 3886 hoe
636 3834 718 3904 ipsius
732 3840 847 3892 carmina
863 3849 891 3894 et
906 3840 1002 3906 dictio,
1019 3844 1110 3897 melius
1128 3863 1209 3918 wrm
1222 3839 1351 3900 Heraclidis

288 3921 476 3983 testimonium,
494 3923 540 3993 qui
555 3923 636 3976 muta
645 3925 714 3979 illius
724 3928 820 3997 placita
830 3930 968 3998 allegorias
978 3933 1195 4005 interpretatione
1206 3937 1239 3994 ah
1251 3939 1351 3990 Homero

289 4010 399 4080 repetit,
412 4011 439 4061 iu
457 4011 525 4064 Galei
541 4015 635 4082 opusc.
649 4017 757 4084 Mythol.
773 4037 801 4090 p.
816 4019 880 4084 ild,
897 4021 961 4087 eph,
976 4024 1033 4092 [ιφ.

322 4097 394 4166 (ι56)
411 4099 485 4159 Quot
502 4101 583 4156 efficio
603 4122 655 4159 non
677 4116 730 4160 tam
750 4127 764 4163 e
781 4110 882 4178 syriani
898 4114 1062 4178 testimonio,
1082 4117 1154 4168 illum
1173 4128 1199 4172 et
1215 4111 1350 4186 Pythagori-
