2768 4910
200 367 205 375 ’
240 396 303 458 408
435 471 438 482 ¹
635 409 684 454 nn
707 409 925 458 mnnocms

240 578 296 650 καὶ
323 574 371 648 τὶν
399 571 493 647 ἄλλα
519 570 665 669 σώματα
695 573 812 650 πάντα
842 576 889 652 rit
916 578 990 673 περ)
1019 574 1075 666 rip
1097 580 1179 675 γῆν,
1203 581 1302 674 eripio
1369 591 1370 596 ’

241 697 505 796 κεκραμένων
530 722 574 795 γε
596 693 639 772 δι’
659 696 833 791 αλλήλων,
859 697 955 776 ἄλλα
984 694 1076 773 κατὰ
1099 697 1203 797 μικρὰ
1223 699 1303 796 μόρια

242 825 554 919 παρακειμένων
578 847 617 893 τε
636 823 694 896 καὶ
712 819 998 914 doctoratu.
1027 821 1126 895 Ratio
1148 820 1224 921 ejus
1239 847 1305 894 sen·

242 946 374 1019 tentiae
397 940 523 1016 eadem
543 943 687 1019 videtur
705 970 779 1019 esse
801 969 912 1045 quam
929 943 1034 1017 modo
1050 941 1221 1038 vidimns3
1237 969 1305 1016 uam

241 1069 398 1144 mixtio
422 1067 497 1142 sive
519 1068 636 1165 κρᾶσις
651 1070 794 1167 proprie
812 1066 904 1140 dicta
928 1054 1129 1140 mutatio
1147 1064 1305 1166 quaedam

242 1207 310 1281 est,
345 1216 418 1290 qua
456 1191 574 1266 variae
611 1215 667 1264 res
702 1203 870 1263 naturam
906 1215 1011 1264 suam
1025 1190 1133 1266 ,inter
1157 1212 1306 1260 commu·

241 1314 401 1386 micantes
420 1337 558 1386 novum
578 1309 669 1410 quid
695 1309 871 1403 efficiunt3
899 1312 1087 1384 mutatio
1102 1357 1103 1360 =
1119 1323 1242 1384 autem
1261 1333 1307 1380 se-
1370 1405 1371 1414 ἵ

242 1433 405 1509 cundum
427 1431 680 1532 Empedoclem
701 1435 740 1504 in
763 1457 887 1508 rerum
909 1431 1175 1518 naturdnulla.
1225 1433 1307 1524 Quo·

201 1539 205 1546 ¹
241 1555 333 1628 circa
360 1557 390 1628 si
417 1557 593 1632 elementa
621 1569 662 1628 et
684 1581 829 1654 corpora
858 1557 1033 1630 misceri
1054 1553 1157 1647 dicit,
1184 1554 1221 1628 id
1247 1579 1307 1626 non

188 1676 191 1709 ⁵
240 1692 313 1750 tam
340 1676 461 1752 subtili
490 1679 629 1752 ratione
653 1701 765 1774 quam
787 1675 927 1776 vulgari
947 1703 1055 1754 sensu
1076 1675 1306 1777 accipiendum
1370 1695 1371 1738 t

239 1805 304 1875 ita:
327 1799 502 1874 elementa
530 1799 715 1872 inunum
734 1799 916 1898 componi,
935 1800 1070 1900 cuique
1091 1826 1156 1874 sua
1179 1825 1220 1872 ac
1236 1823 1306 1896 pro·

240 1924 316 2019 pria
339 1937 469 2016 natura
488 1933 635 1996 servata.

734 2216 835 2299 sm.

354 2461 417 2531 De
430 2459 674 2558 formationis
692 2461 883 2556 principio
909 2464 988 2534 sive
1013 2460 1068 2559 τῷ
1092 2461 1214 2563 λέγω.

289 2656 370 2729 Jam
406 2653 685 2746 elementorum,
726 2655 863 2755 quibus
899 2683 1043 2756 corpora
1081 2656 1308 2744 continentur,

240 2777 399 2852 indolem
426 2791 462 2849 et
488 2773 727 2850 conditionem
752 2776 1073 2872 consideravimus3
1098 2777 1253 2854 vidimus
1275 2801 1308 2847 ea
1371 2859 1372 2870 ἢ

240 2897 396 2972 naturali
420 2910 522 2970 motu
544 2897 705 2989 incitata,
729 2897 1022 2999 unumquodque
1046 2903 1104 2974 sui
1125 2900 1239 2973 simile
1254 2924 1310 2995 ap·
1371 2875 1372 2912 ³

239 3034 382 3120 petens,
414 3021 587 3090 instructa
615 3021 709 3116 poris
739 3019 875 3120 quibus
908 3020 1005 3095 aliud
1032 3049 1119 3096 cum
1149 3022 1293 3097 alio
1248 3045 1309 3095 sese

240 3141 522 3215 communicent:
545 3141 595 3212 sic
615 3155 744 3215 cuncta
768 3144 865 3220 varie
886 3144 980 3218 inter
1001 3169 1039 3218 se
1058 3147 1211 3220 misceri.
1245 3145 1309 3216 Ita·

241 3289 315 3363 que
338 3264 525 3335 materiem
546 3264 648 3363 quasi
666 3264 1033 3366 paratamlhabemuq
1053 3267 1153 3342 unde
1173 3281 1309 3340 naturae

241 3410 387 3483 corpora
405 3385 552 3457 formari
579 3400 728 3484 queant.
778 3386 847 3460 Sed
870 3385 1023 3462 adhaec
1047 3388 1233 3464 formanda
1253 3386 1310 3461 eti-

243 3535 301 3580 am
334 3506 429 3580 aliud
464 3508 553 3608 quid
585 3509 786 3609 postulatur
811 3537 923 3611 quam
950 3509 1097 3607 mixti03
1125 3509 1310 3614 requiritur

243 3642 339 3704 certa
371 3633 461 3720 ratio
485 3643 523 3704 et
554 3645 735 3708 structura
758 3659 831 3734 qua
855 3631 1016 3732 singulae
1041 3659 1098 3708 res
1121 3658 1188 3708 suo
1205 3653 1311 3731 quae·

198 3809 203 3832 t
244 3778 317 3852 que
341 3754 449 3827 modo
471 3753 691 3828 formentur:
719 3756 855 3856 quippe
877 3755 916 3827 in
945 3755 1013 3830 hoo
1034 3781 1110 3830 uno
1135 3777 1239 3829 omne
1259 3774 1311 3822 re-

244 3899 330 3952 rum
349 3873 557 3968 discrimen,
581 3876 620 3948 in
642 3874 710 3948 hoc
731 3878 873 3976 propria
895 3876 1073 3979 cujusque
1095 3891 1222 3950 natura
1243 3896 1310 3944 cer-
1354 3877 1357 3882 ’

277 4095 337 4162 (κα)
357 4097 442 4150 caten.
463 4097 495 4149 ae
513 4067 874 4170 uat.s0m.'1.r.p.107n.
