2768 4916
436 411 518 461 vrrs
542 413 589 460 nr
613 413 757 462 sanans.
1096 401 1137 464 tt

64 577 222 652 auditum
255 581 396 652 esseio
429 578 545 674 Italia3
573 581 691 680 potuit
720 605 822 674 sane;
851 603 1073 682 quamquam
1102 582 1139 656 id

63 725 202 796 prorsus
230 701 422 774 insertum.
472 702 699 801 Anaxagoras
732 727 818 778 vero
849 699 1000 776 Athenis
1025 706 1142 804 coepit

63 820 311 923 philosophiam
335 822 462 897 docere
483 822 569 897 inde
590 821 636 896 ab
657 822 867 924 Olympiade
890 825 970 898 fere
992 827 1035 898 81
1062 827 1141 921 ¹³⁶3

64 943 258 1044 eodemque
277 945 413 1019 circiter
436 957 598 1046 tempore
615 945 846 1020 Parmenides
869 972 954 1020 eum
975 945 1142 1020 familiari

64 1091 121 1138 suo
155 1067 300 1140 Zenone
329 1067 487 1142 Athenas
518 1068 636 1159 venit,
663 1066 730 1140 uhi
758 1069 853 1142 inter
882 1065 1072 1141 familiares
1096 1066 1142 1141 de
1221 1087 1222 1094 ’

62 1186 209 1262 veritate
230 1201 268 1262 et
288 1203 417 1263 natura
438 1188 602 1288 disseruit
618 1197 698 1264 ²³⁷.
750 1193 872 1290 Atque
888 1191 928 1262 in
947 1187 1043 1262 idem
1064 1189 1141 1263 fere

62 1320 201 1408 tempus
225 1309 386 1384 incidere
406 1310 553 1389 videtur
572 1313 641 1386 iter
656 1311 702 1386 ab
717 1310 934 1412 Empedoole
947 1335 1014 1408 per
1030 1311 1142 1384 Grae·

62 1429 147 1503 eiam
173 1446 393 1531 susceptum.
444 1435 538 1534 Ergo
566 1460 638 1508 non
661 1433 910 1533 improbabile,
935 1433 1000 1532 per
1020 1433 1141 1532 ipsum
1252 1419 1257 1426 ¹

60 1551 145 1626 illud
179 1568 324 1652 tempus
355 1567 428 1628 tres
453 1543 530 1628 illos
554 1556 648 1631 viros
677 1554 829 1662 Athenis
858 1554 969 1628 abeo
1001 1533 1141 1627 auditos

60 1699 131 1748 ,330
152 1681 232 1748 aaa·

106 1797 216 1890 Quod
240 1812 362 1874 autem
386 1800 431 1874 de
453 1799 719 1902 Pythagora
744 1814 932 1893 narratur,
959 1799 1061 1873 hune
1088 1797 1150 1869 si-'

60 1919 136 1992 mul
169 1941 271 1994 cum*
291 1923 497 2021 Anaxagora
529 1922 575 1995 ab
606 1921 821 2023 Empedocle
850 1920 1018 1995 auditum
1046 1944 1141 2010 esse,

60 2040 233 2140 ejusmodi
268 2056 473 2142 temporum
507 2044 672 2118 confusio
704 2045 733 2116 si
760 2043 799 2115 in
824 2044 1000 2116 seriorum
1023 2039 1143 2140 aliquo

60 2164 182 2234 minus
203 2163 249 2235 sit
264 2163 428 2236 miranda
447 2172 525 2256 ¹³⁹,
547 2165 586 2236 in
603 2164 847 2238 Alcidamante
865 2165 924 2240 vix
941 2163 1028 2236 ferri
1045 2165 1146 2262 posse

1 2332 2 2388 γ
60 2283 216 2358 videtur.
264 2284 416 2382 Diogeni
439 2287 578 2383 potius,
599 2299 664 2359 aut
684 2311 795 2387 quem
813 2283 873 2358 ille
897 2297 1025 2358 testem
1044 2307 1145 2355 secu-
1199 2373 1204 2382 .

59 2419 119 2476 tus
150 2404 220 2498 sit,
246 2407 354 2479 istum
368 2495 373 2505 s
387 2431 543 2480 errorem
572 2405 844 2480 attribuendum
872 2417 986 2506 puto,
1008 2403 1147 2477 Aloida-

58 2541 219 2599 mantem
244 2554 311 2627 pro
333 2518 532 2627 Πυθαγόραν
554 2527 686 2602 dixisse
708 2531 787 2610 τοὺς
810 2529 907 2626 ἀμφὶ
931 2524 1149 2626 Πυθαγόραν,

58 2648 90 2718 P
97 2647 389 2748 ythagoreos,
423 2649 584 2724 similiter
615 2665 657 2724 ut
690 2649 893 2743 Neanthes‚
928 2649 1148 2748 Hermippus

58 2783 97 2843 et
120 2771 340 2870 Simplicius,
365 2786 429 2845 aut
456 2771 523 2844 hoc
546 2771 716 2862 voluisse,
735 2772 989 2872 Empedoclem
1012 2769 1146 2872 Pytha·
1270 2827 1281 2848 .

59 2919 167 2991 garae
187 2893 395 2993 exemplum
417 2909 454 2966 et
476 2893 699 2992 disciplinam
723 2910 889 2969 secutum
913 2917 1000 2967 esse.
1061 2949 1068 2962 .

1 3103 2 3116 γ
106 3017 278 3091 Attamen
296 3027 332 3086 et
348 3013 407 3086 alii
422 3039 508 3088 eum
520 3013 739 3114 Pythagorae
757 3013 956 3086 auditorem
971 3012 1149 3102 fecerunt,

61 3161 220 3234 qnorum
247 3125 415 3233 princeps
438 3133 625 3225 TimaeuS,
650 3147 742 3206 teste
766 3137 921 3210 Laertio:
949 3132 1092 3210 ἰικυῦσυυ
1118 3131 1148 3208 θ’

1 3239 2 3314 ζ
61 3245 161 3330 alita
194 3253 455 3355 Πυθαγόρου
487 3255 628 3352 Τίμαιος
662 3253 723 3330 aaa
755 3259 813 3346 τῆς
847 3253 979 3346 iudana
1010 3259 1150 3354 ἱστορεῖ,

1 3355 2 3404 ³
62 3383 169 3478 λέγων
195 3379 247 3454 ’ὅτι
274 3375 520 3478 καταγνωσθεὶς
545 3374 602 3452 ἐπὶ
622 3380 853 3479 λυγυκλυπεῖα
874 3378 952 3454 τότε
969 3379 1009 3478 (f.
1032 3379 1153 3479 ποτὶ),

93 3597 171 3664 (136)
189 3595 321 3648 Archonte
340 3596 455 3648 Callia.
476 3595 536 3646 vid.
555 3595 717 3647 Schaubach.
737 3597 849 3662 Anaxag.
869 3596 958 3663 fragm.
978 3613 1004 3664 p.
1026 3599 1056 3658 ala
1075 3615 1112 3668 aq.

94 3719 169 3788 (137)
186 3719 245 3770 val.
260 3716 480 3772 Parmeniajreu.
497 3735 523 3786 p.
540 3718 570 3780 ll,
588 3719 616 3780 ὃ,
634 3734 708 3770 meae
725 3717 788 3770 edit.
1194 3781 1197 3793 Ι

93 3834 167 3900 (138)
183 3831 281 3885 Eadem
295 3832 351 3884 fere
365 3831 453 3900 opinio
466 3831 573 3882 videtur
586 3829 701 3882 Glintoni
716 3831 787 3882 Fast.
802 3829 868 3881 Heli.
883 3829 915 3881 ad
927 3831 965 3882 01.
978 3834 1020 3894 tr,
1036 3849 1055 3883 ι.
1071 3851 1098 3903 p.
1111 3835 1152 3898 47.

94 3946 169 4014 (139)
187 3945 230 3997 Sic
246 3931 374 3997 Eusebius
385 3944 495 4014 ,(Praep.
511 3945 558 3995 En.
576 3944 647 4007 XIV,
661 3959 687 4012 p.
702 3942 770 4012 755),
784 3944 919 4017 Syneellus
934 3941 1043 4010 (chron.
1058 3957 1153 4017 pugo.

67 4035 134 4102 ποθ),
153 4033 267 4087 Michael
284 4029 374 4101 Glycas
391 4033 492 4100 (Annal.
512 4033 540 4087 Τ.
555 4033 593 4091 11,
607 4051 633 4102 p.
645 4049 692 4084 aoa
702 4034 748 4098 B),
766 4031 880 4090 Eudooia
893 4035 973 4099 (Viol.
986 4053 1010 4105 p.
1025 4035 1085 4103 367)
1100 4053 1154 4088 non

67 4125 185 4178 dubitant
201 4127 377 4194 Pythagoram
394 4141 454 4175 cum
473 4129 622 4190 Anaxagora
640 4133 666 4176 at
677 4121 739 4174 'aliis
757 4123 833 4194 hujus
854 4127 945 4178 aetatis
966 4141 1132 4198 componere.

114 4216 179 4291 111.
585 4311 590 4319 Χ
1009 4221 1032 4310 4
1129 4267 1131 4272 .
