2768 4916
452 387 536 434 ῊΤΛ
560 385 606 434 ΕΤ
629 385 773 434 S'l'UDllS·
893 387 896 394 ’
1133 377 1152 432 5

118 553 326 624 Essenetus
349 547 472 624 'autem
493 556 687 651 prter.fuit
707 581 781 628 nou
803 555 939 654 physici
968 553 1151 652 Empedo-

25 714 26 728 ÷
72 673 148 762 elis,
171 671 235 752 sed
256 673 311 745 ari
331 670 410 770 ejus
426 676 659 772 cognominis,
680 701 793 776 quem
807 701 894 749 cum
909 686 1040 774 nepote
1055 699 1149 748 non-

24 825 25 828 *
74 794 161 868 nulli
181 808 349 871 veterum
373 796 635 890 confuderunt,
662 812 706 872 ut
730 823 815 872 mox
841 795 1036 896 apparebit.
1080 797 1179 870 Cui-

73 945 132 993 avo
158 931 302 1016 praeter
323 915 504 992 Metonem
526 917 620 992 filius
647 921 719 991 fuit
739 921 826 992 item
853 922 1060 994 Exaenetus
1083 943 1150 992 no-

72 1041 236 1113 minatus.
285 1039 428 1114 Metone
460 1052 583 1112 sutem
613 1054 744 1115 natum
775 1066 851 1116 esse
879 1041 1150 1141 Empedoclem,

71 1145 274 1258 pluriinixei
299 1159 564 1260 locupletissimi
587 1174 691 1234 testes
716 1165 965 1254 consentiunt,
995 1178 1037 1238 ut
1057 1165 1149 1261 Hip-
1218 1184 1220 1193 ·

72 1282 229 1380 pohotus,
251 1279 437 1378 Timaeus,
457 1280 691 1382 Apollodorus
708 1284 741 1375 ⁶,
760 1283 833 1375 alii,
851 1286 1024 1384 aquibus
1041 1283 1150 1384 vulgo

72 1404 290 1502 Ἐμπεδοκλῆς
309 1404 463 1486 Μέτωνος
477 1408 731 1504 Ἀκραγαντῖνος
749 1405 837 1480 solet
851 1405 1031 1507 appellari.
1068 1406 1149 1480 Me-

72 1543 227 1604 moratur
249 1528 358 1620 etiam
380 1553 478 1602 soror
505 1527 748 1628 Empedoclis,
776 1530 864 1602 item
886 1530 997 1602 frater
1019 1526 1149 1602 Galli·

72 1652 264 1726 cratides
284 1660 317 1726 ⁷.
356 1652 448 1726 Fuit
459 1664 648 1750 praeterea
672 1649 964 1749 Empedocles
981 1647 1147 1750 quidam,

72 1773 219 1872 tragicus
232 1777 356 1872 pocta,
373 1773 438 1874 qui
453 1772 548 1846 illius
565 1797 586 1846 e
601 1771 671 1846 filis
687 1798 798 1872 nepos
815 1773 926 1847 fuisse
942 1770 1100 1846 creditur
1115 1775 1147 1844 ⁸.

73 1897 230 1995 Denique
253 1909 473 1969 memoratur
494 1898 764 1970 Exaenetus'
782 1893 930 1996 quidam
954 1894 1148 1993 Agrigenti·
1259 1947 1262 1952 -

74 2041 156 2109 nus,
180 2019 246 2118 qui
264 2016 411 2118 Olymp.
428 2043 475 2118 9²
494 2021 605 2096 victor
621 2017 693 2094 suit
708 2019 910 2119 Olympius,
925 2043 1038 2118 quem
1054 2017 1149 2088 Em-

74 2139 217 2236 pedoclis
249 2139 413 2214 familiae·
434 2153 625 2242 cognatum
652 2140 881 2234 fuisse‚·n0n
915 2136 1147 2237 improbabile

73 2261 206 2336 videtur
224 2273 264 2346 ⁹„

112 2387 254 2458 Genere
288 2386 360 2460 fuit
390 2386 503 2462 divite
539 2403 576 2462 et
608 2387 750 2462 illustri.
801 2387 884 2462 Jam
914 2385 1037 2462 avum
1053 2380 1148 2454 illius

51 2521 57 2536 ·
72 2506 316 2604 Empedoclem
336 2506 566 2612 splendidum
584 2511 704 2583 virum
725 2512 836 2584 fuisse
858 2522 1007 2608 apparet
1023 2532 1070 2580 ex
1088 2529 1146 2592 co,

12 2643 15 2650 ’
71 2627 162 2724 quod
181 2655 292 2728 equos
309 2630 402 2705 aluit
424 2629 468 2704 ad
490 2633 683 2704 certamina
705 2631 849 2731 publica
872 2643 928 2722 ¹03
946 2626 1045 2731 quod
1062 2627 1147 2725 qui·
1203 2637 1207 2644 '

70 2746 144 2820 dem
170 2749 230 2823 illo
250 2765 412 2850 tempore
429 2751 574 2851 regibus
591 2779 631 2826 ac
647 2751 869 2852 principibus
885 2751 970 2826 viris
984 2773 1146 2824 summac

71 2867 159 2943 laudi
188 2871 356 2946 habitum
382 2886 420 2946 et
445 2876 483 2945 in
510 2859 645 2970 Sicilire
668 2873 871 2949 civitatibus
891 2872 1085 2972 praecipuo
1107 2871 1144 2941 in
1167 2883 1177 2968 J

69 2987 194 3067 honore
217 2995 347 3090 fuisse,
370 2996 556 3070 Pindarica
576 2985 734 3070 carmina
748 3011 936 3072 testantur.
974 2992 1145 3068 Eundem
1198 3009 1212 3100 Ι·

98 3217 135 3280 (6)
154 3216 228 3286 Apud
239 3217 311 3282 Diog.
322 3215 412 3276 Ιοὲή,
425 3215 501 3276 V111,
514 3216 560 3276 51,
572 3215 618 3282 5²3
629 3216 769 3268 Eudocism
779 3216 844 3266 Vici.
855 3233 880 3284 p.
896 3216 948 3284 169„
967 3219 1033 3267 item
1042 3215 1145 3266 Plutar-

69 3305 138 3372 chus,
148 3291 269 3364 tustinus,
275 3314 384 3372 martyr,
397 3306 532 3374 Eusebius,
543 3325 609 3378 quos
620 3308 714 3377 passim
726 3306 872 3360 citabimus.
897 3311 915 3358 Α
929 3307 1020 3358 Tzetze
1030 3303 1095 3356 Chil.
1110 3307 1144 3366 lt,
1225 3295 1229 3304 ’

68 3413 118 3462 ροι,
129 3399 177 3460 Π,
188 3396 245 3458 5ο6,
261 3413 385 3465 perverse
397 3394 594 3469 Ἐμπεδοκλῆς
605 3400 768 3458 Melitonos
776 3395 931 3465 appellatur.

94 3489 133 3555 (7)
150 3487 209 3545 vid,
220 3489 292 3553 Diog.
301 3487 388 3541 Laert.
401 3490 575 3555 V111,53,56.
594 3491 684 3543 Suidsr
697 3491 724 3542 in
733 3507 760 3543 v.
772 3488 977 3553 Ἐμπεδοκλῆς.

95 3578 134 3644 (8)
152 3577 255 3630 Suidsr:
273 3577 479 3652 Ἐμπεδοκλῆς,
495 3587 693 3654 θυγατριδοῦς
706 3587 757 3636 τοῦ
768 3586 916 3653 προτέρου,
926 3581 1064 3650 τραγικός.
1074 3596 1143 3644 τροι-

68 3672 162 3737 γῳδδοο
173 3670 261 3724 αὐτοῦ
275 3673 331 3727 κδ’.
804 3677 814 3696 ‘

95 3761 134 3827 (9)
152 3761 209 3812 Vid.
221 3763 350 3818 Diodorus
362 3767 527 3834 8ἰοιο1.ΧΙῙῐ,
539 3772 579 3821 el.
589 3769 622 3820 sd
631 3785 657 3838 q.
666 3769 794 3820 lwesssl.
804 3785 830 3838 p.
842 3768 899 3830 607.

94 3851 149 3918 (οῦ)
168 3851 224 3904 Vffl.
234 3863 339 3923 praeter
347 3856 478 3911 Timaeum
489 3867 517 3910 et
525 3849 707 3929 Hermippum,
716 3856 866 3911 Heraclides
873 3857 1003 3919 Ponticus,
1014 3859 1058 3926 qui
1069 3858 1097 3906 ἐν
1107 3861 1144 3926 τῷ

66 3945 129 4011 περὶ
142 3937 227 4000 victis
240 3946 352 4015 scripsit,
362 3951 407 4002 δτι
418 3952 543 4020 λαμπρᾶς
552 3941 587 4019 ἦν
597 3953 698 4013 ciulac,
706 3949 947 4021 iunovaqirbccc
957 3953 1006 4000 rori
1017 3953 1144 4001 πάππου·

67 4038 128 4086 teste
137 4035 240 4090 Ιοόηῑο
249 4041 325 4103 vlu,
337 4039 378 4106 513
396 4042 492 4096 Eudae.
507 4043 573 4094 Viol.
584 4059 610 4108 p.
628 4042 682 4111 169„
703 4043 742 4096 De
751 4041 892 4096 Heraclidis
902 4043 951 4094 hoc
962 4058 1041 4110 opere
1053 4041 1084 4092 cs.
1095 4040 1144 4091 disi

67 4133 121 4178 sert.
138 4129 201 4196 Eug.
211 4129 340 4214 Deserert,
350 4133 456 4196 (Icvan.
473 4133 555 4194 1830.)
568 4149 594 4202 p.
606 4133 639 4184 δι
649 4149 686 4202 sq.
