2800 4910
197 568 355 661 Quorum
384 569 543 665 equidem
569 569 687 638 studio
710 566 858 638 multum
883 569 983 639 obest
1006 578 1046 638 ut
1071 571 1270 642 obtrectcm.

192 689 310 762 Varia
343 699 428 760 sunt
446 691 598 783 judicio
613 702 639 770 ‚·‘
663 693 793 798 auriae
828 689 948 763 laudis
972 692 1065 762 vtae.
1121 691 1196 764 Sed
1217 719 1271 763 mc

192 837 296 909 quum
329 817 447 885 aescio
483 811 650 910 quomodo
680 814 843 882 severior
869 808 979 882 Musa
1005 816 1046 882 ia
1072 814 1164 883 bauo
1189 796 1271 886 stu-

192 937 334 1007 diorum
364 938 527 1006 semitam
557 936 747 1014 traaisset,
780 935 863 1004 boae
894 935 1080 1016 intellecti,
1112 936 1207 1030 qaod
1230 962 1271 1006 rc

192 1068 363 1153 copertus
389 1083 482 1139 sum,
510 1082 580 1127 aaa
602 1051 795 1158 multorum
813 1057 951 1150 plausa
977 1057 1133 1126 laborem
1156 1081 1270 1126 mcum

193 1181 456 1274 comprobatum
479 1182 534 1249 iri
542 1205 554 1258 ,·
583 1182 674 1249 satis
698 1178 827 1266 babai,
857 1181 892 1247 si
908 1203 1111 1272 paucorum
1124 1179 1270 1272 judicio

186 1326 328 1396 possem
358 1301 520 1396 placere.
584 1299 742 1394 Quorum
760 1303 802 1369 ia
829 1326 975 1373 numero
1004 1329 1105 1399 quem
1126 1313 1269 1398 autepo-

193 1449 276 1494 mam
291 1420 386 1512 Tibi,
411 1421 653 1517 Lcauepi,
677 1423 906 1494 literatorum
931 1426 971 1493 ia
987 1427 1122 1519 patria
1145 1435 1270 1496 mostra

193 1545 349 1618 Nestori
364 1551 458 1641 jure
478 1545 749 1654 praedicando,
770 1549 833 1642 qui
852 1571 929 1616 cum
950 1548 1060 1617 senili
1069 1549 1271 1641 prudentia

128 1726 133 1734 ,
194 1670 236 1742 εἰ
254 1671 464 1740 maturitate
480 1669 684 1762 juvenilem
713 1671 903 1763 conjungis
929 1672 1091 1762 oiporem
1116 1679 1152 1740 ct
1178 1672 1271 1740 oiri-

196 1795 363 1869 ditotem‚
399 1815 499 1886 quem
528 1793 705 1861 intuentes
728 1798 851 1884 sponte
880 1792 1112 1862 recordemur
1136 1795 1271 1864 veteris

195 1915 290 1986 illud
306 1919 455 2008 poitae:
601 1990 603 1994 ,
1135 1911 1139 1920 ’

453 2039 585 2108 Moirai
609 2033 678 2131 γὰρ
704 2035 799 2116 locus
815 2034 886 2110 'lior
903 2037 1032 2130 ὄμματι
1054 2033 1174 2114 rottae
1291 2057 1297 2066 '

349 2155 405 2245 Mb
423 2152 530 2252 λοξῷ,
554 2158 690 2236 πολιοὺς
717 2161 772 2230 οὐκ
797 2153 955 2232 ἀπέθεντο
981 2155 1109 2250 φίλους.

200 2274 254 2348 Ta
288 2281 407 2374 igitur
441 2301 546 2374 quum
578 2303 648 2348 moa
677 2280 784 2349 semel
804 2283 958 2375 privato
983 2281 1154 2375 colloquio
1180 2280 1274 2348 inibi

197 2399 459 2496 significasses,
500 2399 657 2470 laborem
681 2403 768 2470 tibi
802 2426 916 2472 mcum
941 2387 1124 2496 probari,
1167 2401 1272 2496 idque
1397 2441 1398 2446 κ

148 2591 152 2598 .
190 2520 342 2617 publicet
360 2523 506 2592 lionoris
536 2520 795 2616 suffragatione
818 2523 1056 2604 declararem,
1072 2527 1160 2616 jam
1188 2518 1273 2623 Tibi

197 2645 277 2714 dico
309 2643 401 2713 buac
428 2667 541 2713 meam
557 2639 883 2736 Empedoclem.
911 2669 1055 2734 mamas,
1080 2656 1122 2716 ut
1146 2669 1272 2738 spero,
1356 2699 1360 2710 .

198 2767 264 2836 tibi
297 2765 397 2837 baud
422 2767 630 2861 ingratum,
667 2764 725 2832 uel
742 2775 903 2858 propter
931 2769 1049 2860 ipsius
1073 2769 1215 2861 iugeuii
1239 2777 1274 2836 et
1340 2833 1345 2842 .

140 2944 143 2952 .
198 2888 383 2960 doctrinae
419 2887 536 2957 lumea
570 2887 629 2956 oet
661 2895 821 2981 propter
862 2890 1155 2968 necessitudinem
1196 2913 1274 2958 cum

199 3009 457 3081 didacticoram
469 3013 662 3103 poitur-am
672 3012 858 3104 principe,
873 3007 1067 3082 Hesiodo
1087 3022 1155 3093 tuo,
1173 3036 1273 3106 quem
1397 2995 1398 3018 l

109 3147 115 3152 ·
199 3134 271 3200 tais
303 3132 608 3202 lucubrationibus
628 3131 785 3224 politam
810 3141 846 3200 et
869 3133 1096 3205 illustratum
1121 3143 1163 3202 ut
1185 3133 1271 3202 edas
1350 3167 1356 3178 ·

146 3321 148 3326 .
199 3252 413 3349 aliquando,
437 3252 542 3323 ualde
566 3260 738 3346 optamus.
791 3247 922 3347 Accipe
946 3279 1055 3348 ergo,
1074 3254 1274 3347 praeclare

199 3378 284 3470 air,
311 3375 374 3446 boc
398 3375 512 3445 studii
534 3376 605 3444 mci
626 3375 806 3468 animique
818 3375 979 3468 pigmus!
996 3378 1119 3469 accipe
1136 3385 1273 3456 cotum,

199 3507 239 3566 ut
262 3520 350 3592 quas
375 3495 503 3568 literas
519 3521 595 3591 per
619 3494 865 3592 quodraginta
881 3521 1010 3588 ammos,
1032 3500 1072 3566 iu
1089 3498 1276 3590 amplissi-

200 3642 277 3692 mae
309 3619 469 3689 ciaitotis
495 3618 589 3697 lucc,
625 3618 849 3689 institutione
875 3629 936 3689 tua
960 3629 995 3692 et
1020 3619 1181 3713 eaemplo
1207 3645 1272 3688 or-

201 3741 299 3810 nasti
322 3749 357 3811 et
372 3742 619 3836 propagasti,
642 3725 771 3808 iisdem
788 3765 929 3835 porro,
957 3743 1106 3815 doceadi
1128 3767 1274 3812 munere

202 3861 403 3957 defimctus,
440 3865 653 3934 auctoritato
691 3869 752 3929 tua
788 3874 823 3935 et
861 3868 1009 3937 coasilio
1051 3866 1273 3958 adjuvandis

201 3982 265 4061 diu
288 3984 340 4052 sis
364 3991 566 4078 superstes!
629 4050 632 4054 .

650 4155 825 4186 αι...
