2796 4914
473 367 714 420 annosorum,
1067 348 1136 453 319Ι

110 543 291 620 Praeterea
317 563 364 614 ex
386 535 497 612 allatis
522 531 717 609 Aristotelia
743 530 826 606 locis
852 527 1018 604 nonnulli
1044 529 1134 640 effef

69 675 204 754 cerunt,
218 655 500 759 Empedocleum
524 663 666 730 unum
686 651 733 726 ab
752 653 827 726 aliia
841 675 987 752 quoque
1002 649 1134 750 ignem,

69 784 107 858 ab
132 783 207 860 aliia
234 805 383 882 aquam,
416 777 462 852 ab
489 778 565 852 aliia
592 781 710 850 mirem
740 773 961 848 intellectum
988 796 1062 846 ease
1075 775 1134 846 ⁹⁸.

69 905 172 980 Falso.
222 899 318 980 Illud
334 899 414 978 vult
427 899 645 976 Aristoteles:
669 896 764 972 idem
779 894 870 970 illud
887 919 1020 982 unum,
1038 891 1136 994 quod

70 1022 291 1130 Empedocles
314 1023 516 1098 Amicitiam
538 1022 687 1114 diceret,
717 1021 801 1094 alios
827 1018 1056 1119 physicorum
1077 1014 1137 1090 di·

69 1147 149 1223 risse
180 1169 331 1246 aquam,
368 1141 452 1218 alios
483 1144 621 1244 ignem,
655 1143 742 1218 alios
771 1147 908 1228 airem3
939 1138 1139 1238 intelligens

68 1265 263 1360 Thaletem,
292 1265 622 1358 Anaximandrum,
651 1263 870 1339 Heraclitum
885 1269 945 1354 ²⁹,
980 1257 1137 1360 quorum
1171 1297 1173 1300 ·

68 1389 216 1488 qrdeque
248 1413 365 1465 unum
396 1385 531 1487 aliquid
560 1386 692 1462 horum
718 1387 843 1460 statuit
863 1385 1068 1474 s'ummum,
1097 1383 1138 1457 rt
1214 1407 1216 1414 ’

64 1507 95 1583 ιὲι
114 1511 172 1588 ια)
197 1509 238 1588 τὸ
259 1511 313 1602 lt,
341 1505 440 1602 ἒξ-οὗ
466 1509 513 1586 rt
537 1510 617 1586 ttae
638 1503 718 1586 olvat
741 1537 783 1584 re
806 1509 863 1586 aa)
878 1506 1072 1606 γεγονέναι,
1095 1523 1139 1579 ut

68 1630 257 1709 Aristotelia
277 1629 396 1707 verbio
419 1644 511 1706 utar.

108 1754 205 1852 Ergo
213 1750 436 1852 EmPedoclia
449 1777 508 1829 un
517 1777 586 1828 um
600 1755 759 1826 continet
769 1751 917 1852 quidem
927 1748 1140 1839 Amicitiam,

67 1898 155 1972 quae
186 1873 225 1946 in
256 1898 299 1946 eo
326 1871 542 1964 dominatur,
572 1897 640 1946 nec
665 1885 787 1946 tamen
814 1871 857 1946 eal
882 1884 1000 1946 totum
1027 1868 1140 1944 absol·-

66 1995 177 2086 vitur3
220 1992 316 2069 idem
359 2013 410 2070 est
453 1993 715 2072 elementorum
756 1993 946 2090 omnisque
987 2005 1142 2066 naturae

65 2113 139 2188 fons
158 2128 196 2192 et
216 2115 447 2214 principium.
472 2161 475 2166 -
498 2115 608 2188 Docet
630 2112 697 2186 hoc
718 2110 942 2200 Aristoteles,
970 2111 1056 2187 alibi
1077 2110 1140 2184 di·-

65 2259 161 2325 ccns,
200 2234 452 2333 Empedoclem
491 2236 696 2312 universam
737 2259 861 2309 rerum
896 2246 1074 2334 naturam·
1093 2233 1140 2307 ad

66 2381 181 2432 unum
196 2357 287 2457 quid
309 2354 559 2446 reducentem,
578 2381 623 2430 ex
645 2355 711 2430 hac
735 2381 839 2454 porro
862 2379 1033 2452 generare
1055 2381 1138 2428 om-

66 2479 140 2572 nia,
161 2477 278 2552 addito
301 2479 475 2553 nimirum
495 2477 691 2550 formarum
709 2477 999 2578 qualitatemque
1018 2473 1139 2550 discri·
1178 2449 1198 2608 ll
1210 2466 1278 2568 ΜΒ

67 2596 178 2692 mine,
199 2601 266 2676 etei
285 2598 372 2673 haee
393 2597 524 2703 inipso
546 2625 620 2673 uno
641 2624 714 2674 non
733 2599 860 2674 insint:
883 2598 982 2694 dana,
1002 2601 1141 2702 inquit,

67 2720 247 2822 συναγάγῃ
278 2722 337 2806 εἷς
366 2720 409 2796 ἓν
440 2721 496 2812 τὴν
523 2717 662 2798 ila-aem
685 2722 790 2820 φύσιν
814 2723 900 2813 πλὴν
922 2729 981 2797 τοῦ
1006 2723 1143 2813 νείκους,

66 2837 110 2920 ἐκ
132 2853 205 2918 τοῦ
227 2846 315 2926 ἑνὸς
335 2841 507 2944 γίγνεσθαι
526 2841 629 2922 πάλιν
646 2842 799 2922 ἕκαστον·
815 2842 950 2937 ilo-rei}
961 2843 1028 2925 ἑνός
1041 2871 1144 2937 anat,

68 2959 162 3052 δῆλον
181 2965 233 3042 ‘o‘ra
261 2965 495 3065 διαφοραῖς
519 2995 610 3043 τισι
633 2967 860 3068 χωριζομένων
883 2969 940 3043 ael
957 2964 1156 3060 πάθεσι,

67 3081 196 3183 ἐγένετο
219 3090 260 3164 ri
286 3093 347 3188 μὶν
369 3088 471 3188 ὕδωρ,
496 3090 536 3165 τὸ
559 3087 599 3166 tt
624 3100 687 3189 πῦρ
707 3100 765 3165 ³⁰.
815 3094 910 3191 Ergo
941 3089 1147 3166 Aristoteles

68 3232 206 3284 unum
228 3211 320 3288 illud
341 3212 486 3290 videtur
505 3194 703 3313 intelligere
730 3238 959 3288 communem
981 3213 1144 3286 elemen-

69 3448 192 3511 (arandis.
221 3449 308 3504 Schol.
332 3467 359 3520 p.
386 3450 433 3504 512
450 3453 500 3520 a.);
518 3452 616 3523 Philop.
637 3454 670 3506 de
687 3455 734 3505 Aa.
754 3453 776 3502 1.
795 3447 832 3502 lit
856 3451 893 3516 F,
913 3451 930 3502 f.
951 3468 980 3518 ²3
999 3451 1033 3506 tle
1051 3454 1145 3508 Gener.

69 3537 176 3590 Animal.
194 3539 254 3592 1.f.
279 3539 357 3603 raa,
375 3545 521 3612 etpareim.
570 3539 584 3563 ⁰

102 3628 159 3694 (ιὸ)
176 3631 217 3683 Sic
235 3631 354 3684 Stamina
376 3651 403 3703 p.
425 3633 472 3704 159
490 3653 541 3706 eqo

103 3719 161 3787 (²9)
176 3721 216 3772 Sic
230 3729 332 3774 veteres
343 3740 447 3794 quoque
458 3725 615 3796 interpretes
625 3727 795 3796 acceperant,
807 3733 838 3778 at
850 3725 982 3794 Philcpcn.
995 3725 1022 3776 in
1033 3725 1149 3796 Metaph.

70 3804 87 3856 ί
108 3805 141 3868 41
159 3812 188 3862 l:
208 3810 353 3871 »Quidnam
373 3822 413 3866 eet
429 3813 530 3866 unum?
549 3853 615 3869 ...
638 3817 765 3887 namquid
786 3815 862 3868 rituti
882 3814 1018 3868 Naturales
1038 3813 1149 3868 dicunt?
1180 3855 1185 3867 ,

70 3894 155 3950 veluti
165 3901 333 3970 Empedoclea
345 3903 484 3958 amicitiam
495 3903 612 3970 dicebat,
628 3906 816 3959 Anaximander
827 3921 890 3959 tero
900 3909 988 3957 aerem
997 3942 1004 3968 ,
1014 3904 1057 3957 alii
1071 3905 1148 3958 alia.”

105 3983 160 4054 (30)
178 3990 331 4046 Aristotelea
347 3991 379 4048 de
394 3995 488 4048 Gener·
505 4002 533 4048 et
550 3996 623 4048 Cora.
642 3999 667 4061 1,
686 4011 707 4049 r.
722 4012 748 4066 p.
761 3995 852 4063 3850.
872 3999 1067 4070 χωριζομένων,
1082 4005 1147 4070 puta
1191 3980 1286 4075 yso]

73 4075 132 4126 τῶν
147 4085 299 4151 στοιχείων,
317 4082 390 4154 quod
405 4084 557 4154 intelligitur
576 4103 590 4140 e
609 4103 664 4158 rqq.
679 4087 774 4160 'ddum
793 4091 859 4160 πῦρ.
