2796 4914
248 377 314 440 att
646 391 695 438 oa
715 389 933 440 ammons

250 559 381 656 figuras
401 569 621 654 naturasque
642 553 806 648 efficere,
823 570 868 630 ut
885 569 1005 654 postca
1035 553 1312 632 videbimus101.

250 676 380 776 Neque
417 689 560 749 tantum
594 693 752 770 motum,
788 678 850 754 sed
883 681 990 752 etiam
1022 703 1193 767 sensum,
1223 677 1314 750 vitam

252 799 483 897 animamque
508 797 551 870 iis
577 798 722 890 tribuit,
757 813 846 874 teste
873 799 1076 892 Aristotele,
1105 799 1171 898 qui
1192 811 1264 870 tam
1281 796 1314 868 de

252 919 433 1018 plerisque
450 933 617 994 veterum
634 946 746 1020 quam
762 920 809 994 dc
826 921 1040 1021 Empedocle
1058 920 1161 993 dicit:
1186 913 1272 994 οὗτοι
1286 917 1317 1008 ll
1381 995 1382 1018 q

253 1043 394 1140 λέγουσι
416 1042 473 1131 τὴν
493 1035 616 1142 ψυχὴν
636 1043 701 1126 τὰς
721 1041 862 1144 ἀρχάς,
883 1047 913 1120 ci
935 1047 996 1139 μὲν
1016 1043 1149 1124 arielem
1169 1050 1317 1120 ποιοῦντες
1381 1031 1382 1036 ¹

254 1165 319 1244 rite
342 1160 480 1264 ἀρχάς,
503 1166 533 1238 οἱ
554 1161 592 1241 δὲ
613 1167 692 1260 paim
713 1165 862 1260 ταύτην,
893 1165 1002 1264 ὥσπερ
1026 1163 1254 1262 Ἐμπεδοκλῆς
1272 1169 1318 1258 μὲν

253 1285 293 1372 ,ἐκ
310 1290 374 1362 τῶν
394 1288 571 1386 στοιχείων
588 1285 734 1382 πάντων,
749 1284 827 1366 εἶναι
847 1287 883 1366 δὲ
900 1293 958 1364 κα)
980 1287 1166 1369 ἕκαστον
1189 1284 1319 1387 ψυχὴν

254 1415 378 1484 τούτων
394 1419 472 1484 ¹02.
522 1409 696 1484 Censehat
716 1425 789 1484 tam
811 1437 955 1511 corpora
977 1439 1088 1511 quam
1110 1412 1247 1486 animas
1263 1410 1320 1484 cle·

254 1533 384 1616 mentis
406 1555 483 1604 esse
504 1528 671 1625 conflata,
698 1557 819 1633 neque
840 1533 1050 1607 animalium
1071 1533 1188 1606 solum
1212 1547 1248 1606 et
1267 1532 1322 1606 ho·

254 1655 412 1745 minum,
431 1651 491 1726 sed
510 1651 619 1726 etiam
638 1651 802 1726 deorum.
851 1657 909 1728 Ex
925 1654 1111 1728 elementis
1130 1654 1230 1727 enim
1247 1654 1321 1726 facta

254 1790 291 1850 et
313 1776 464 1849 formata
482 1775 601 1850 omnia
620 1788 693 1846 tam
714 1773 840 1849 divina
859 1802 972 1875 quam
992 1773 1165 1848 humana.
1209 1776 1322 1872 Itaque

254 1893 546 1995 unumquodque
576 1893 708 1974 horum
740 1894 830 1978 dixit
861 1898 1062 1970 animatum
1091 1909 1128 1969 et
1159 1895 1323 1985 animam,

254 2018 440 2095 materiem
464 2042 485 2086 a
508 1999 630 2088 merite
651 2041 726 2088 non
748 2016 956 2116 disjungens
970 2025 1052 2092 ¹⁰³.
1101 2018 1204 2110 Quin
1230 2021 1324 2090 etiam

220 2123 223 2130 ’
253 2165 301 2224 es
340 2137 535 2212 Aristotelis
572 2137 798 2240 aliorumque
832 2141 1031 2216 testimonio
1057 2151 1124 2202 104
1160 2141 1324 2214 elementa
1384 2191 1385 2246 q

253 2263 347 2342 Deos
379 2258 479 2353 fecit,
515 2258 616 2335 unde
652 2273 689 2332 et
724 2259 856 2334 divinis
890 2260 1097 2336 nominibus
1128 2261 1325 2362 appellavit,
1384 2253 1385 2264 ³

253 2387 375 2483 ignem
399 2381 570 2473 lovem,
597 2385 717 2464 adrem
738 2383 977 2476 Iunonem,
1004 2398 1136 2462 terram
1160 2384 1325 2476 Hadru,

254 2531 387 2606 aquam
407 2505 569 2592 Νῆστιν
587 2527 717 2580 vocans
737 2512 818 2580 ¹0⁵.

302 2627 398 2698 Haec
417 2627 463 2698 de
480 2623 666 2698 elementis
682 2623 831 2698 dicenda
851 2623 972 2720 habui,
989 2654 1084 2727 quae
1101 2631 1223 2728 paucis
1237 2655 1326 2702 oom-
1385 2595 1386 2648 l

254 2746 428 2848 prehensa
445 2745 519 2820 huc
547 2746 624 2826 fere
647 2745 813 2820 redeunt.
865 2747 993 2820 Mundi
1015 2749 1191 2848 principio
1217 2775 1326 2824 unum

255 2870 365 2950 fuisse
388 2868 525 2957 omnia3
549 2865 635 2941 inde
655 2881 813 2965 quatuor
831 2868 1004 2952 exstitisse
1024 2885 1187 2966 naturas,
1214 2897 1327 2946 rerum

287 3119 362 3183 (tor)
381 3115 417 3168 cl
437 3131 515 3184 supra
531 3115 600 3174 diota
617 3131 642 3183 p.
661 3113 695 3182 39
711 3129 767 3184 sqq.

289 3209 363 3273 (roa)
379 3207 484 3258 aristot.
501 3204 535 3258 de
552 3210 599 3258 Aa.
616 3207 639 3267 1,
657 3221 678 3256 a.
696 3221 723 3272 p.
741 3204 790 3267 478
807 3204 850 3266 Η,
870 3205 952 3256 citans
971 3205 1132 3273 Empedoclis
1147 3224 1197 3260 vas.
1220 3209 1260 3260 321
1275 3223 1325 3275 sqq.

258 3299 331 3350 Idem
345 3297 427 3362 tangit
437 3295 470 3347 de
480 3299 529 3348 Aa.
541 3297 562 3358 1,
573 3297 598 3357 lt,
608 3293 632 3358 53
643 3295 733 3346 Gener.
747 3301 774 3346 et
783 3294 856 3346 corr.
867 3296 903 3344 11.
914 3292 938 3344 6.
949 3310 975 3361 p.
986 3293 1036 3356 405
1047 3297 1065 3346 B
1077 3297 1106 3362 05
1117 3296 1149 3350 de
1160 3297 1251 3368 quibus
1258 3295 1329 3346 iufra.

290 3387 365 3455 (103)
382 3388 440 3438 Joh.
450 3387 587 3456 Philopom
597 3386 624 3437 in
631 3383 734 3436 aristot.
747 3382 773 3435 ll.
781 3383 808 3446 c,
818 3400 840 3447 ι,
849 3391 877 3435 et
883 3384 987 3451 passim,
1000 3383 1056 3450 (cit.
1068 3387 1182 3448 stur-rio,
1192 3403 1218 3458 p.
1229 3388 1269 3439 aot
1278 3385 1327 3453 sq.)

257 3493 396 3548 perperam
406 3475 548 3543 distinguit,
558 3475 645 3528 dicem
653 3472 764 3526 animam
772 3471 805 3524 ab
813 3471 969 3542 Empedocle
977 3473 1069 3530 haberi
1077 3493 1130 3528 noa
1139 3478 1196 3547 ipsa
1204 3478 1329 3537 οἰεωοιιῐι,

258 3569 304 3622 ted
320 3567 507 3624 elementorum
521 3564 696 3621 harmoniam,
717 3563 850 3619 σύνθεσιν
866 3579 887 3614 a.
907 3565 997 3632 Myos.

292 3658 366 3724 (rot)
383 3656 486 3710 aristot.
503 3656 536 3708 de
555 3656 646 3716 Gener.
660 3665 687 3708 et
707 3657 779 3711 Corr.
797 3659 834 3718 11.
852 3658 876 3710 6.
890 3677 916 3728 ρ.
934 3661 982 3722 404
998 3660 1031 3712 11.
1065 3657 1156 3712 Cicero
1173 3660 1205 3713 ll.
1218 3658 1245 3708 ll.
1255 3659 1274 3717 1,
1291 3671 1330 3706 rsa

260 3747 461 3818 »Empedoclem
478 3783 485 3798 .
497 3781 504 3798 .
515 3755 630 3816 quatuor
641 3757 761 3816 naturae,
774 3765 807 3802 ex
821 3750 916 3820 quibua
927 3750 1013 3802 omnia
1026 3756 1146 3800 constare
1157 3747 1224 3810 vult,
1237 3744 1328 3798 divinas

260 3857 315 3894 asae
332 3835 446 3890 centet.”
478 3837 549 3895 Quae
566 3845 653 3890 autem
671 3839 710 3890 his
730 3831 812 3892 addit:
834 3857 916 3910 aquas
928 3849 955 3892 et
965 3840 1036 3892 nasci
1053 3846 1081 3892 ct
1098 3837 1223 3904 exstingui
1234 3834 1330 3903 perspi·

261 3945 340 3990 epum
355 3936 393 3980 est
406 3936 433 3980 ct
445 3943 521 3980 remu
539 3927 608 3978 omni
621 3927 729 3982 carere''
744 3956 775 3969 -
789 3947 804 3982 e
816 3930 957 3994 Ciceronis,
970 3945 1023 3986 nou
1035 3947 1068 3982 ex
1079 3925 1237 3998 Empedoclis
1247 3929 1329 3978 menie

261 4019 337 4074 dicta.
371 4015 496 4069 Stobaeua
507 4015 561 4068 Ecl.
573 4016 601 4069 P.
615 4018 638 4080 1,
651 4017 674 4071 ³.
685 4036 710 4088 p.
720 4019 761 4071 60.
774 4020 885 4076 Heeren.

294 4105 367 4184 (105)
384 4105 440 4159 Vid.
452 4105 614 4176 Empedoclis
626 4123 664 4160 va.
677 4105 709 4160 56
722 4125 759 4178 aq.
