2796 4914
467 437 707 490 virtuosorum.
1062 433 1128 495 339

8 643 10 648 v
62 600 132 702 dorp
165 597 257 680 ἐστὶν
288 598 469 706 ἐλάχιστον
496 610 553 681 rol
580 611 673 682 otoo
696 613 857 709 στοιχεῖον
879 613 1054 711 στοιχείων
1069 618 1124 690 ⁸⁵.

61 727 146 802 Idem
167 729 335 802 referunt
357 727 528 802 Stohaeus
551 744 588 802 et
612 731 787 816 Galenus,
810 733 875 834 qui
898 733 1026 826 fertur,
1046 733 1125 808 his-

60 851 155 924 toriae
181 847 443 948 philosophicae
468 851 615 949 scriptor
630 855 689 925 ⁸⁶.
740 854 860 955 Atque
882 856 956 953 ipse
971 853 1124 929 'Plutar-

8 999 9 1004 ’
58 971 131 1044 chus
149 972 199 1044 ita
220 969 285 1044 sibi
305 972 512 1044 informasse
536 971 689 1066 videtur,
712 1001 831 1074 quum
852 975 1124 1075 Empedocleam

9 1119 10 1126 ¹
58 1119 165 1166 rerum
199 1093 407 1166 discordiam
438 1107 613 1191 spectans,
648 1097 748 1195 fingit
773 1113 925 1171 naturae
949 1098 1123 1196 principia

57 1227 242 1289 atomorum
255 1218 364 1290 instar
373 1215 562 1290 discretaet
571 1217 721 1290 solitaria
730 1243 796 1316 per
804 1219 1018 1294 universum
1026 1219 1123 1291 serri:

8 1365 10 1400 ν
57 1335 179 1435 liupurot
200 1341 257 1412 ucri
280 1338 443 1437 ἄστοργον
463 1341 521 1413 marl
538 1337 682 1434 persides
704 1343 741 1416 οεὶ
760 1345 822 1416 τῶν
842 1339 922 1417 ἵλεον
943 1339 1054 1438 ἄρχεο(
1067 1343 1123 1411 ⁸⁷.

55 1459 249 1533 Secundum
273 1460 349 1534 illos
371 1462 481 1562 igitur
504 1461 736 1560 Empedocles
756 1461 932 1536 elementa
956 1487 1031 1534 non
1052 1475 1123 1534 tota

55 1595 83 1652 et
101 1584 239 1680 integra
262 1579 404 1680 prodire
427 1583 545 1680 jussit,
577 1581 638 1655 sed
660 1607 705 1656 ex
729 1583 945 1656 tenuissimis
969 1597 1005 1655 et
1027 1583 1123 1654 simi·

54 1701 131 1776 lihns
154 1702 374 1802 corpusculis
394 1703 509 1778 veluti
530 1701 653 1775 atomis
674 1702 732 1777 vel
754 1701 1022 1776 homoeomeriis
1041 1727 1125 1774 eon·

54 1822 146 1901 [lavit.
199 1828 246 1898 Et
265 1851 350 1900 sane
364 1827 515 1914 mirum,
533 1825 711 1924 quomodo
727 1839 842 1918 terra,
862 1849 973 1924 aqua,
989 1838 1124 1915 cetera,

52 1972 130 2043 qnae
151 1947 315 2047 quotidie
335 1946 475 2020 dissolvi
494 1961 531 2018 et
554 1973 682 2019 rursus
697 1948 736 2018 in
753 1973 846 2022 nova
865 1972 1011 2044 corpora
1029 1951 1123 2018 coire

52 2067 220 2161 videmus,
243 2067 419 2167 simplices
441 2080 478 2140 et
503 2067 710 2142 individuae
733 2081 884 2140 naturae
905 2066 974 2139 dici
996 2081 1123 2165 potue-

51 2190 125 2284 rint3
142 2168 296 2265 vicissim
310 2215 410 2281 vero,
427 2191 456 2261 si
472 2188 596 2262 eadem
607 2189 647 2260 in
664 2203 797 2279 atomos
809 2187 1032 2278 dividantur,
1048 2214 1122 2261 non

50 2309 97 2384 illa
107 2312 180 2411 ipsa
194 2311 349 2410 amplius
360 2323 447 2383 sunt
459 2309 648 2402 elementa,
660 2309 721 2383 sed
733 2335 775 2384 ea
786 2307 950 2408 equibus
961 2307 1020 2380 illa
1031 2334 1123 2382 con-

51 2433 118 2508 flata
138 2439 211 2508 sint
226 2439 282 2507 ³⁸.
324 2432 527 2506 Aristoteles
548 2432 593 2506 de
616 2432 877 2507 elementorum
893 2427 1123 2504 dissolutione

49 2554 202 2656 loquens,
219 2556 317 2647 dicit,
331 2553 584 2654 Empedoclem
595 2553 708 2629 videri
722 2553 900 2626 elementa
911 2553 1028 2626 facere
1040 2551 1121 2625 talia

47 2704 128 2775 quae
140 2677 251 2753 dividi
263 2676 413 2779 quidem
426 2674 573 2774 possint,
586 2701 654 2748 nec
671 2688 792 2749 tamen
803 2673 1023 2750 dividantur:
1042 2676 1068 2747 el
1082 2672 1121 2751 dl

48 2799 201 2888 στήσεταί
221 2829 286 2875 σου
310 2799 328 2890 ν)
352 2796 524 2890 διάλυσις,
546 2797 616 2888 ἤτοι
642 2795 770 2891 ἄτομον
793 2797 889 2870 ἐ’στοον
910 2795 1121 2892 sorripule

48 2917 245 3017 dictarat,
275 2919 536 3019 (διαιρετὸν
558 2921 637 3016 μέν,
661 2921 697 2992 οὐ
724 2920 836 3014 μέντοι
860 2916 1120 3016 dromedart-

46 3074 159 3138 μενον
198 3044 374 3136 οὐδέποτε,
399 3041 548 3140 καθάπερ
574 3045 673 3118 ’dorm
694 3038 921 3138 Ἐμπεδοκλῆς
938 3039 1119 3135 βούλεσθον

46 3171 144 3268 λέγειν
160 3173 216 3243 ⁸⁹.
268 3167 375 3262 Quod
404 3192 452 3239 ne
479 3167 722 3264 incongruum
740 3163 914 3259 videatur,
936 3165 985 3249 sic
1001 3165 1119 3263 expli-

45 3293 190 3366 candum
211 3305 274 3364 est.
317 3287 549 3388 Empedocles
569 3287 746 3360 elementa
767 3308 843 3358 non
863 3283 953 3358 dixit
972 3283 1118 3384 adspec-

44 3411 149 3486 tabilia
166 3416 244 3504 ista,
264 3425 414 3504 terram,
434 3435 546 3502 mare,
565 3407 721 3500 eoelum,
741 3407 978 3506 coelestesque
1002 3407 1117 3506 ignes,

68 3695 125 3763 (65)
139 3695 269 3750 Plutarch.
287 3695 348 3747 ibid.
366 3697 387 3758 l,
407 3709 446 3759 17.
811 3748 814 3753 ,
860 3730 863 3736 ,
1018 3763 1019 3770 ἵ

68 3787 122 3852 (86)
137 3787 261 3840 stobaeus
277 3786 330 3838 Ecl.
350 3788 371 3848 1,
391 3788 420 3837 18
438 3803 464 3854 p.
482 3784 539 3838 368.
572 3782 660 3835 Galen.
677 3782 742 3834 Hier.
761 3780 824 3850 phil.
841 3799 864 3832 c.
882 3781 914 3834 X.

68 3877 122 3940 (87)
137 3875 266 3930 Plutarch
284 3875 318 3928 de
334 3877 393 3928 Fac.
409 3877 466 3928 orb.
485 3875 541 3928 lun.
558 3891 586 3944 p,
602 3873 666 3942 9263
683 3870 741 3925 vot.
759 3873 808 3930 IX.
827 3889 853 3940 p.
870 3871 920 3924 663
937 3871 1022 3926 lleisl.

68 3967 123 4032 (88)
138 3969 171 4020 Ut
188 3966 265 4018 modo
282 3966 465 4020 animadvertit
482 3964 646 4021 Aristoteles,
668 3971 696 4016 et
712 3961 854 4014 secundum
873 3963 945 4016 hunc
956 3963 1114 4035 Philopontu

40 4052 69 4106 de
87 4057 144 4108 Gen.
161 4067 188 4110 et
206 4059 284 4112 Cora.
302 4058 324 4118 Ι,
341 4058 361 4109 f.
377 4057 409 4109 36
428 4061 454 4108 B.

68 4146 124 4212 (89)
141 4149 240 4200 λινοῑοι
262 4148 295 4200 de
312 4148 381 4200 Coel.
401 4150 450 4209 111,
465 4146 493 4198 6.
509 4163 534 4215 p.
552 4141 602 4209 375
620 4149 646 4195 λ.
691 4131 806 4208 311·th

926 4236 990 4308 22*
