2800 4910
241 345 283 406 56
635 357 683 406 DE
706 355 923 406 nmsnocus

238 552 311 627 que
337 525 438 600 nullo
461 538 607 601 auctore
636 540 672 602 et
694 527 769 600 sine
794 525 921 600 idonea
940 525 1097 617 ratione.
1149 523 1317 600 Eundem

238 647 438 722 Heraclides
468 662 590 722 narrat
618 649 751 722 famam
780 647 962 746 sparsisse,
993 646 1249 746 Empedoclem
1277 647 1320 720 ad
1378 713 1379 722 ,

237 770 329 844 Deos
357 769 492 845 elatum
517 796 612 864 esse,
644 783 681 843 et
709 767 851 870 vulgari
872 766 1121 844 contradixisse
1142 766 1320 870 opinioni,
1378 781 1379 784 ’

236 890 342 965 illum
372 891 411 964 in
441 891 580 966 Aetnae
604 905 755 966 crateras
777 889 964 964 insiluisse.
1014 887 1213 990 Redarguit
1237 915 1319 964 vero

237 1011 326 1086 haec
351 1012 538 1106 Timaeus,
569 1026 612 1088 ut
640 1013 806 1111 superius
838 1010 1058 1086 ostendimus
1072 1013 1152 1086 ¹⁶⁰.
1204 1012 1318 1086 Deni-

238 1162 312 1236 que
345 1137 562 1236 epigramma
590 1139 708 1212 fertur
736 1136 847 1236 ipsius
868 1133 1106 1236 Empedoclis,
1131 1147 1176 1208 ut
1197 1131 1320 1232 ajunt,
1378 1167 1379 1170 ¹

196 1289 201 1300 ·
237 1286 312 1359 quo
342 1259 533 1334 Pausanias
563 1257 722 1335 chartis
753 1257 947 1333 medicinae
976 1253 1209 1356 prudentiam
1237 1254 1320 1360 lau·

237 1379 345 1455 datur
365 1381 443 1454 1⁶¹.
539 1463 542 1470 ,
584 1388 587 1395 '
928 1473 932 1477 ι

284 1502 460 1578 Omnium
495 1529 580 1582 vero
617 1495 840 1605 Empedoclis
872 1501 1133 1604 discipulorum
1167 1499 1320 1574 clarissi-
1378 1509 1379 1514 ’

237 1649 321 1700 mus
358 1623 512 1699 habetur
551 1627 761 1726 Gorgias
795 1619 993 1700 Leontinus
1023 1625 1102 1697 ¹⁶².
1167 1627 1252 1724 Ipse
1285 1625 1321 1695 in
1378 1709 1379 1714 ἵ

239 1748 396 1846 scriptis,
424 1760 475 1831 ‚ut
500 1773 610 1846 supra
634 1747 812 1841 vidimus,
843 1747 1022 1846 professus
1047 1761 1102 1822 est
1121 1771 1159 1821 se
1174 1749 1321 1849 ‘Empe-

237 1868 375 1943 doclem
406 1867 537 1944 vidisse
572 1871 726 1969 magiam
757 1883 996 1944 exercentem.
1053 1867 1256 1968 Praecipue
1286 1865 1320 1936 in

236 2005 312 2088 arte
333 1989 507 2064 rhetorica
527 1980 563 2064 et
581 1991 620 2062 in
643 1990 795 2092 physicis
815 1988 917 2066 illum
940 1988 1141 2086 aemulatus
1161 1988 1321 2077 videtum

125 2203 130 2209 .
237 2126 273 2188 et
289 2111 423 2185 indicia
442 2109 620 2213 quaedam
643 2127 860 2206 monstrant,
887 2107 1052 2211 Gorgiam
1074 2113 1113 2184 in
1139 2106 1321 2186 nonnullis

235 2224 510 2335 Empedocleam
541 2235 736 2332 imaginem
761 2229 1004 2332 expressisse,
1020 2237 1096 2309 sive
1120 2235 1159 2306 in
1180 2226 1320 2304 dicendi
1378 2265 1379 2282 2

237 2351 397 2446 artificio
415 2345 655 2454 orationisque
676 2355 799 2454 figuris
820 2355 879 2454 (ut
904 2355 1146 2453 paronomasia
1169 2367 1207 2426 et
1233 2350 1320 2426 anti·
1378 2427 1379 2430 Ἴ

236 2477 363 2576 thesi),
398 2477 472 2554 sive
516 2475 555 2548 in
587 2477 740 2576 corporis
779 2477 883 2552 cultu
914 2491 951 2550 et
981 2478 1137 2554 vestium
1169 2487 1319 2562 ornatu,

236 2602 372 2702 quippe
388 2602 465 2700 vqui
492 2624 679 2698 purpureo
701 2597 809 2697 pallio
834 2612 871 2672 et
894 2598 1015 2673 aureis
1034 2595 1160 2670 calceis
1182 2597 1223 2668 in
1245 2619 1319 2694 pu-

235 2720 370 2796 blicum
389 2720 530 2821 prodire
547 2720 671 2795 solitus
689 2734 781 2794 esset
803 2721 882 2791 ¹⁶³.
908 2718 1056 2817 Gorgias
1075 2717 1142 2791 bac
1162 2729 1318 2800 ostente-

213 2821 217 2829 ’
236 2843 333 2916 tione
351 2841 395 2916 ad
411 2840 635 2939 Empedoclis
651 2841 860 2941 exemplum
879 2865 965 2914 usus
979 2853 1032 2914 est
1049 2838 1094 2914 ad
1110 2836 1318 2912 multitudi-

236 2989 321 3040 nem
344 2964 404 3056 sui¹
418 2962 649 3038 admiratione
668 2963 903 3063 implendam,
923 2960 985 3036 sed
1010 2959 1143 3059 dispari
1163 2973 1318 3058 uterque

269 3145 344 3210 (160)
363 3146 469 3211 Diogen.
489 3145 577 3196 Laert.
594 3145 671 3207 VllI,
683 3145 729 3208 68,
749 3145 797 3213 69,
819 3161 858 3210 71·
877 3145 918 3200 cf.
931 3156 1009 3216 snpra
1025 3161 1052 3213 p.
1070 3141 1110 3196 35.
1188 3104 1208 3145 ‘l

238 3246 241 3254 “
267 3236 342 3302 (161)
359 3233 436 3303 Apud
447 3233 555 3299 Diogen.
564 3233 643 3295 Vlll,
658 3233 700 3284 61.
731 3234 894 3303 Epigramma
908 3233 1069 3303 descriptum
1081 3241 1120 3284 est
1137 3230 1207 3285 infra
1219 3250 1255 3285 vs.
1266 3228 1318 3292 435.

268 3326 344 3392 (162)
361 3323 444 3376 ‘lestis
459 3323 567 3390 Satyrus
581 3323 607 3373 in
619 3321 698 3388 Vitis,
710 3322 781 3392 apud
792 3323 864 3390 Diog.
874 3323 961 3376 laert.
973 3321 1112 3388 vt11‚58·‚
1124 3320 1319 3392 Olympiodorus

235 3419 261 3467 in
282 3415 381 3467 Platon.
400 3415 475 3479 Gorg.
491 3429 570 3480 supra
584 3413 672 3476 cit.,n.
692 3412 752 3478 1343
774 3413 859 3466 Sclrol.
875 3415 975 3468 Platon.
994 3413 1099 3466 Ruhnlr.
1117 3432 1143 3485 p.
1157 3429 1224 3478 ¹107,
1245 3407 1319 3462 seth.

235 3523 261 3575 p.
273 3504 335 3571 3453
349 3502 440 3558 Suidas
457 3502 485 3554 in
499 3502 626 3568 Ἐμπεδ.
642 3511 668 3554 et
680 3507 814 3575 Γοργίας.
832 3503 953 3565 Quinctil.
966 3509 987 3558 1.
1000 3507 1029 3558 0.
1043 3507 1096 3571 Ill,
1110 3521 1131 3570 r,
1148 3507 1177 3558 8:
1201 3499 1317 3567 »Gorgias

117 3619 122 3626 ·
234 3595 390 3659 Leontinus,
411 3594 583 3664 Empedoclis,
605 3603 636 3648 ut
655 3596 786 3660 traditur,
804 3595 969 3666 discipulus.”
1050 3647 1052 3652 ,

266 3683 419 3752 (163)·Vid.
440 3684 537 3764 stellan-
561 3685 590 3734 V.
613 3686 644 3737 H.
668 3687 733 3750 XII,
758 3686 797 3739 ss.
832 3688 872 3738 De
894 3685 1056 3754 Empedoclis
1079 3686 1152 3737 cultu
1174 3690 1316 3749 ornatuque

234 3791 314 3844 supra
330 3772 430 3826 dietum
443 3791 469 3843 p.
483 3774 576 3838 303de
587 3775 698 3828 artificio
716 3775 851 3830 rhetorico
863 3793 925 3828 mox
935 3775 1039 3828 dicetur
1051 3774 1077 3844 p.
1089 3775 1130 3831 61.
1164 3778 1196 3828 In
1208 3769 1316 3826 Platonis

218 3901 223 3910 .
234 3867 347 3918 Metione
358 3865 435 3917 etiam
444 3864 478 3916 de
488 3865 582 3917 coloris
594 3875 689 3918 natura
696 3868 800 3934 Gorgias
809 3865 906 3919 dicitur
915 3865 1021 3918 sensisse
1035 3866 1097 3920 κατ’
1112 3864 1315 3934 ἘμΑιεδοκλέαι

147 4018 151 4027 ¹
232 3958 249 4008 i.
278 3975 301 4010 e.
333 3953 516 4008 convenienter
534 3957 693 4026 Empedocli.
729 3957 837 4010 Eruditc
857 3956 890 4009 de
910 3956 952 4008 his
974 3957 1078 4012 disserit
1099 3961 1170 4014 Foss.
1192 3961 1224 4014 de
1247 3960 1315 4020 Gorg.

232 4065 258 4116 p.
281 4045 309 4098 13
328 4061 383 4115 sqq.
403 4059 440 4108 27.
459 4043 496 4108 57.
