2756 4912
507 415 681 466 omnm.
747 387 751 398 '
1151 409 1214 470 ns

90 589 132 661 ita
151 599 230 663 tum
247 583 375 660 Venus
391 598 539 676 terram,
556 597 748 686 postquam
767 581 884 658 imbre
907 583 1194 682 humectarent,

28 735 78 784 ro.
88 706 214 808 placide
236 705 386 797 adstans,
410 703 533 806 rapido
553 704 627 805 igni
650 704 749 780 dedit
773 705 986 780 durandum.

448 1181 474 1250 (ι
492 1195 562 1230 ιιι-ο
579 1182 749 1252 moeonia.)

88 1314 130 1387 At
151 1311 272 1388 Tellus
297 1311 451 1412 benigna
475 1313 514 1388 in
538 1310 634 1388 bene
659 1310 835 1388 [abstentis
860 1316 950 1394 vasis

90 1433 170 1509 duas
193 1461 239 1510 ex
263 1449 340 1508 octo
363 1431 527 1534 partibus
550 1447 653 1508 nacto
677 1447 731 1508 est
755 1435 954 1536 pellucidae
978 1435 1177 1539 Lymphae,

88 1571 234 1659 quatuor
259 1571 383 1632 autem
407 1554 582 1630 Vulcani:
607 1581 703 1658 quae
726 1583 801 1631 ossa
825 1557 904 1632 alba
929 1558 1020 1634 faeta
1044 1572 1148 1652 sunt,

86 1677 291 1754 Harmoniae
316 1677 461 1751 vinculo
484 1675 657 1752 divinitus
681 1675 850 1776 oolligota.

429 1873 769 1918 as*

2 2041 73 2115 ²15.
86 2040 240 2116 Fortuito
265 2054 359 2115 terra
384 2038 499 2142 aequi
523 2039 685 2140 portione
708 2043 899 2116 eommixta
923 2057 977 2118 est

85 2187 165 2236 cum
188 2162 353 2237 Vulcano
378 2175 415 2236 et
438 2159 554 2234 imbre
577 2175 615 2235 et
637 2161 821 2261 perlucido
845 2161 1003 2255 aethere,

84 2285 121 2356 in
146 2283 296 2358 Veneris
319 2282 430 2384 jugali
454 2296 563 2383 portu
587 2282 791 2383 quiescens:

81 2429 152 2505 quo
170 2404 342 2506 quodque
355 2403 503 2478 tenuius
514 2415 583 2497 est,
599 2427 641 2476 eo
654 2401 754 2502 plus,
769 2429 843 2504 quo
855 2402 1022 2499 densius,
1038 2431 1080 2480 eo
1092 2405 1214 2509 minus

81 2553 124 2600 ex
135 2525 191 2600 his
202 2525 345 2625 sanguis
355 2525 539 2626 etreliqua
550 2548 631 2596 earo
642 2523 734 2596 iacta
744 2537 807 2598 est.
981 2525 1213 2622 (admixtum

425 2719 766 2764 sss

8 2891 118 2967 raold
142 2891 292 2995 quidem
316 2893 356 2965 in
377 2886 518 2964 eoncbis
540 2889 686 2962 marinis
707 2885 806 2988 gravi
828 2899 927 2988 tergo
952 2877 1137 2986 praeditis,

78 3028 112 3088 st
134 3039 222 3092 vero
245 3012 483 3087 bnoeinorum
507 3022 544 3083 et
567 3007 672 3083 saxea
695 3021 780 3083 cute
804 3007 1030 3084 testudinum

82 3260 116 3332 in
137 3255 275 3361 quibus
298 3255 436 3332 videbis
455 3269 588 3330 terram
604 3255 759 3352 eorporis
778 3281 920 3329 summa
937 3269 1136 3332 tenentem.

426 3429 833 3520 sss,

36 3739 73 3792 Vu.
89 3739 208 3810 ariarpz
226 3737 272 3792 'H
291 3739 325 3793 δὲ
344 3739 425 3808 χθὼν
443 3738 580 3792 τούτοισιν
595 3765 630 3779 -
649 3733 767 3806 σαρκός.)
800 3732 946 3803 Simplicius
964 3732 1039 3800 Phys.
1058 3733 1088 3795 1,
1104 3731 1121 3784 i
1144 3749 1158 3798 7
1178 3737 1204 3788 Β.

14 3827 40 3882 it
53 3833 91 3887 215
104 3835 167 3889 ibid.
190 3834 232 3896 11,
251 3833 270 3884 s.
294 3833 326 3896 74
344 3831 374 3886 B.

33 3922 70 3977 Vu
83 3939 201 3981 sao-sas:
222 3928 308 3977 τοῦτο
328 3923 378 3987 μὲν
395 3951 432 3964 --
446 3919 653 3990 secusino.)
685 3918 772 3976 Habet
788 3914 942 3970 Plutsrehur
962 3913 1049 3984 Symp.
1064 3914 1093 3976 1,
1105 3931 1132 3982 p.
1145 3913 1207 3979 6183

15 4005 134 4082 totvm,
151 4035 180 4089 p.
203 4015 263 4080 443.
308 4017 380 4074 Duos
403 4014 559 4086 posteriores
581 4013 651 4066 idem
673 4008 708 4066 de
730 4002 870 4063 Esesorb,
893 4003 1049 4072 Lun.=927;
1074 4002 1133 4056 Vol.
1153 4003 1204 4066 IX,
1237 4035 1240 4042 ·

14 4102 85 4168 sse.
902 4151 904 4158 ,
1198 4175 1202 4182 .

965 4191 967 4198 ,
1040 4184 1085 4258 8*
