2768 4910
258 440 322 504 ³88
651 457 699 504 nn
721 455 937 504 anomocus

252 621 345 714 sicut
369 619 514 718 globum
544 620 642 693 omni
669 647 714 694 ex
740 635 838 717 parte
865 620 1087 718 perfectum
1121 639 1243 690 earum
1268 616 1320 688 di-

256 741 458 816 versitatem
481 742 583 840 quasi
611 740 873 815 elementorum
903 742 997 813 inter
1022 764 1059 811 se
1086 736 1317 826 luctationem

255 874 406 933 naturae
451 860 729 934 vicissitudinem
770 859 928 961 denique
968 873 1143 958 tanquam
1178 857 1317 932 divisum

256 981 440 1080 Amicitiae
473 995 510 1053 et
544 980 740 1055 Discordiae
764 1007 934 1079 regnum3
971 1005 1086 1079 eaque
1109 1001 1317 1079 quamquam

256 1115 383 1175 cuncta
408 1114 567 1174 censeret
591 1097 746 1201 ingenita
769 1116 805 1176 et
825 1116 986 1195 aeterna,
1009 1098 1107 1173 aliud
1129 1114 1249 1172 tamen
1264 1096 1320 1169 alio

256 1221 458 1320 antiquius,
491 1219 587 1294 aliud
621 1246 667 1294 ex
699 1221 766 1295 alio
798 1235 918 1295 ortum
951 1219 1064 1294 linxit.
1113 1222 1188 1310 Sic,
1217 1233 1320 1291 nostro

256 1343 401 1442 quidem
430 1341 571 1439 judicio,
587 1347 734 1445 cogitata
760 1371 822 1416 sua
846 1343 890 1415 de
912 1357 1063 1415 naturae
1081 1343 1260 1441 principiis
1278 1341 1320 1414 vi-

255 1460 429 1564 ribusque
463 1465 597 1562 poetico
633 1466 765 1538 vestitu
802 1463 950 1537 involvit
975 1471 1061 1552 ²0⁵,
1111 1489 1254 1560 prorsus
1285 1473 1318 1532 ut

257 1597 393 1659 veteres
425 1590 548 1684 poetae
574 1610 639 1658 seu
668 1583 857 1686 mythologi
890 1583 1091 1682 theogoniae
1120 1607 1204 1654 suas
1234 1607 1319 1654 oom-

255 1729 388 1800 ponere
411 1703 580 1778 solebant.

235 1853 271 1906 s,
304 1827 339 1897 Si
372 1851 456 1899 vero
487 1825 540 1898 his
564 1828 756 1902 involucris
782 1827 1003 1926 Empedoclis
1026 1827 1201 1898 rationem
1219 1820 1320 1896 exua-

256 1974 353 2033 mus,
390 1949 566 2021 sententia
600 1947 674 2022 huc
706 1950 784 2021 fere
816 1946 922 2020 redit':
967 1973 1101 2020 unam
1135 1971 1211 2018 esse
1247 1944 1320 2017 vim

255 2093 405 2168 eamque
436 2067 593 2143 divinam
626 2069 806 2142 muudum
838 2070 1098 2158 continentem3
1140 2067 1235 2138 banc
1269 2091 1320 2163 per

254 2205 458 2291 quatuor
484 2190 725 2264 elementa
744 2192 846 2291 quasi
861 2192 924 2263 Dei
942 2189 1118 2281 membra,
1142 2203 1187 2262 ut
1203 2190 1273 2286 ipse
1287 2212 1320 2258 ea

255 2313 430 2412 appellat,
451 2337 607 2413 sparsam
642 2338 735 2405 esse,
758 2338 911 2413 eamque
932 2311 1030 2384 carni
1050 2309 1320 2408 potissimumin

255 2434 429 2531 duplici
451 2436 601 2525 actione,
621 2434 923 2506 distractione
945 2446 981 2504 et
1000 2433 1322 2520 contractione,

255 2581 411 2654 quarum
437 2554 530 2628 hanc
549 2551 826 2652 conjunctionis,
857 2552 1007 2645 ordinis,
1036 2550 1152 2624 omnis
1178 2550 1323 2650 denique

255 2675 359 2766 boni,
397 2674 494 2749 illam
522 2701 688 2775 pugnae,
723 2672 999 2774 perturbationis
1031 2673 1221 2772 omnisque
1252 2669 1322 2743 mali

255 2796 471 2895 principium
514 2821 606 2872 esse:
654 2795 785 2870 harum
827 2795 986 2869 mutual
1033 2795 1069 2865 vi
1103 2807 1141 2866 et
1173 2793 1321 2865 ordinem

255 2918 383 2991 mundi
405 2931 442 2992 et
464 2920 677 2993 mutationes
698 2915 790 2990 effici
802 2971 812 3008 ‚
839 2941 1035 3016 omnesque
1062 2941 1118 2988 res
1143 2929 1217 2987 tam
1238 2910 1321 2985 divi-

254 3066 318 3112 nas
341 3066 452 3139 quam
475 3039 652 3113 humanas
675 3052 853 3138 perpetuo
880 3036 1064 3135 generari,
1095 3034 1161 3125 ali,
1194 3033 1320 3110 variari.

302 3162 346 3234 In
382 3161 448 3235 hac
478 3161 711 3261 descriptione
743 3159 831 3232 nihil
865 3173 919 3232 est
951 3160 1212 3256 incongruum,
1242 3149 1318 3226 nihil

253 3283 350 3385 quod
385 3283 609 3383 Empedoclis
633 3281 678 3354 de
704 3295 832 3353 natura
856 3277 992 3377 placitis
1017 3293 1208 3378 repugnet,
1242 3271 1319 3347 nihil

252 3405 351 3505 quod
385 3432 405 3476 a
439 3402 638 3502 priscorum
671 3400 941 3500 philosophandi
975 3400 1107 3474 ratione
1136 3397 1318 3473 abhorreat

252 3526 421 3600 Similiter
450 3526 593 3598 Eleatae
617 3550 682 3597 ens
704 3523 778 3600 sive
806 3524 844 3596 ab
869 3517 969 3614 aliar,
1003 3523 1184 3595 notionem
1212 3530 1318 3593 mente

253 3658 478 3746 conceptam,
491 3647 733 3734 informarunt
750 3656 923 3743 tanquam
938 3657 1104 3720 naturam
1122 3668 1237 3740 perse
1250 3663 1319 3712 oon·

252 3781 419 3861 stantem,
435 3765 500 3842 sual
514 3767 629 3840 forma
654 3766 845 3867 figurdque
861 3788 1075 3863 expressam:
1100 3764 1277 3836 linxerunt
1287 3755 1317 3828 id

288 3935 362 4002 (ποῦ)
381 3936 525 4006 Simplicius
543 3953 647 4009 quoque
669 3935 697 3985 id
717 3934 847 4002 agnoscit,
870 3933 903 3984 de
927 3929 1006 3984 Coelo
1029 3934 1069 3994 11,
1089 3931 1108 3982 f.
1133 3923 1320 4001 129A(Sch0¹·

253 4025 356 4078 Aristot.
378 4043 404 4095 p.
423 4025 471 4092 507
491 4026 521 4090 b)
541 4025 643 4079 dicensi
667 4028 718 4078 τοῦ
741 4024 973 4090 Ἐμπεδοκλέους
990 4021 1023 4082 ὥς
1043 4027 1160 4092 ποιητοῦ
1179 4015 1321 4092 pudesci-

197 4145 200 4152 ·
255 4137 360 4188 τερον
378 4121 452 4188 παρὰ
474 4121 554 4187 μέρος
579 4123 629 4187 τὴν
650 4121 825 4190 ἐπικράτειαν
847 4117 939 4169 αὐτῶν
958 4117 1092 4186 λέγοντος.
