2768 4910
454 343 697 410 ramooorma.
1050 346 1113 410 tos
1157 347 1160 356 ⁴

49 531 192 608 videtur.
227 529 354 604 Unum
378 515 489 600 restat
505 525 875 617 commemorandum,
892 524 996 600 illum
1010 526 1115 600 fruc-

47 668 99 728 tus
118 650 245 726 dixisse
264 654 514 749 περιττώματα
536 655 594 722 τοῦ
616 643 648 722 ἓν
675 650 742 728 τοῖς
764 651 883 742 dorcic
906 646 1032 728 dataro
1058 648 1116 722 καὶ

48 756 153 872 arpii,
177 775 199 845 i.
212 800 243 846 e.
268 772 372 847 nimii
396 769 518 844 caloris
534 783 571 842 et
589 768 749 842 humoris
769 767 1019 868 profluentiam
1034 779 1115 860 ²²2,

50 897 97 970 vel
123 893 234 994 magis
265 893 426 992 proprie,
458 891 613 964 concocti
647 889 807 963 humoris
828 889 1017 968 effluvium
1032 899 1114 964 ²2³.

19 1135 21 1146 '
90 1137 179 1212 Haec
208 1135 255 1210 de
280 1135 423 1235 plantis;
446 1135 627 1234 pergimus
649 1134 698 1220 ad,
716 1133 897 1224 animalia,
925 1136 1116 1234 praecipue

51 1257 207 1332 homines.
261 1257 491 1348 Meminimus
511 1283 623 1356 quam
646 1281 754 1354 supra
779 1255 936 1330 narravit
958 1255 1117 1330 fabulam

51 1377 88 1450 de
104 1378 290 1452 hominum
312 1391 412 1468 ortu,
437 1377 590 1476 fingens,
615 1377 788 1478 principio
805 1378 977 1450 exstitisse
994 1382 1118 1458 adarca

51 1497 207 1596 quosdam
237 1501 429 1595 οὐλοφυεῖς,
464 1500 595 1596 figuras
619 1498 807 1573 hominum
831 1498 1003 1572 informes
1032 1501 1118 1598 qui-

51 1619 133 1710 dem,
152 1620 212 1694 sed
232 1621 402 1720 integras,
422 1620 522 1694 nullo
545 1621 653 1694 sends
673 1619 875 1713 discrimine
890 1629 972 1712 ²2⁴3
994 1647 1038 1696 ex
1063 1622 1118 1696 his

51 1738 218 1840 deinceps,
252 1742 363 1818 diviso
398 1767 503 1830 sexu,
538 1769 652 1818 mares
683 1757 719 1816 et
751 1742 902 1814 feminas
932 1757 1119 1842 prognatos
1197 1753 1203 1762 '

51 1884 129 1952 esse,
155 1861 235 1936 illos
259 1861 328 1936 sub
352 1862 529 1955 calidiore,
555 1863 618 1936 has
643 1863 712 1938 sub
734 1863 913 1962 frigidiore
937 1863 1033 1938 coelo
1058 1891 1120 1937 or·

51 1993 93 2052 tas
110 1991 186 2055 ²2⁵.
243 1982 338 2056 Haec
363 1982 483 2056 fabula
505 1998 575 2074 est,
596 1999 639 2057 ut
660 1985 734 2082 ipse
761 1984 861 2077 dicit,
887 1983 944 2060 όύκ
970 1985 1120 2062 aindom-

51 2129 101 2182 τος
126 2101 188 2180 ott'
212 2101 389 2200 ddcdpuv:
413 2103 567 2176 declarat
585 2104 700 2196 enim,
729 2105 828 2178 unde
854 2106 1004 2180 Veneris
1024 2108 1120 2182 desi·

54 2222 178 2298 derium
220 2225 429 2300 hominibus
462 2227 505 2298 sit
543 2227 722 2298 innatum.
784 2229 911 2318 Quum
944 2227 1118 2327 principio

53 2345 227 2444 conjuncta
260 2349 413 2422 fuissent
446 2349 599 2422 marium
628 2360 664 2418 et
693 2346 912 2420 feminarum
938 2348 1119 2442 membra,
1213 2375 1217 2382 ·

52 2465 122 2540 inde
149 2471 320 2542 remansit
345 2471 383 2540 in
409 2467 615 2542 hominibus
641 2468 754 2540 coitus
780 2463 1012 2561 desiderium,
1045 2497 1118 2571 quo

53 2588 149 2662 veluti
174 2592 212 2662 in
241 2591 428 2688 pristinam
456 2591 590 2663 formae
615 2590 853 2687 integritatem
882 2589 1114 2666 reducantur.

52 2705 112 2782 Hoc
121 2723 365 2784 commentum
377 2724 506 2784 notum
520 2725 572 2784 est
588 2736 698 2811 quarn
711 2708 892 2807 eleganter
904 2726 1116 2786 exornatum

52 2826 87 2898 sit
108 2857 127 2902 a
148 2831 297 2906 Platone
324 2832 362 2903 in
391 2834 582 2933 Symposio.
634 2831 757 2904 Talem
782 2855 867 2906 vero
892 2831 1001 2906 fuisse
1026 2837 1117 2905 Em-

52 2947 185 3041 pedoclis
208 2953 423 3026 sententiam
446 2952 559 3053 colligi
580 2966 694 3052 potest
707 2977 761 3026 ex
780 2951 838 3041 iis,
856 2977 950 3050 quae
971 2952 1022 3032 de,
1034 2953 1115 3026 foe-

54 3141 148 3206 θηλέωτ
165 3145 275 3207 φυτῶν,
297 3142 330 3203 ὥς
348 3146 396 3196 ἐπὶ
416 3147 471 3198 τῶν
488 3145 578 3214 ζώων,
596 3146 641 3196 ὅτι
661 3147 708 3195 acl
726 3147 743 3212 'l
763 3147 835 3206 μῖξις
853 3145 908 3195 τῶν
929 3149 1021 3206 φυτῶν
1041 3132 1116 3200 dorla
1153 3156 1158 3172 ¹

36 3225 76 3281 'la
92 3236 220 3305 διοικήσει
239 3240 306 3288 mr.
340 3238 410 3297 Quae
428 3237 508 3290 verba
528 3237 588 3288 satio
609 3238 720 3289 obscura
741 3238 804 3288 nihil
826 3237 881 3289 lere
901 3238 971 3290 aliud
995 3241 1117 3292 ridentur

53 3324 93 3373 nial
112 3331 275 3399 amplificatio
296 3329 387 3382 veredo
410 3326 588 3397 Empedoclei‚
611 3345 689 3397 quem
713 3329 789 3379 modo
814 3326 929 3379 laudarit
954 3329 1119 3390 Aristotelem

54 3409 156 3480 planus,
174 3423 220 3472 etsi
237 3407 291 3470 non
312 3426 451 3492 procreent
464 3417 562 3487 pullos,
579 3443 616 3459 -
633 3419 730 3488 quippe
740 3435 822 3489 quum
834 3436 922 3470 earum
934 3419 1001 3471 fetus
1013 3437 1045 3472 ex
1062 3421 1119 3490 ips'o

54 3507 136 3560 reniae
155 3512 269 3564 edantur
285 3528 369 3581 eoque
386 3510 533 3583 alanturet
550 3511 597 3562 aud
614 3527 644 3561 ac
662 3512 768 3580 proprie
787 3511 812 3561 τί
828 3508 967 3578 pullulent,
981 3539 1015 3553 -
1031 3520 1117 3565 tamen

54 3592 122 3647 rideri
133 3602 231 3667 pariter
243 3600 412 3664 nummulis,
427 3617 494 3669 quae
506 3599 647 3652 concubitu
657 3609 791 3668 generant¹
802 3609 942 3670 utrumque
953 3617 1042 3652 sexum
1051 3602 1078 3651 ln
1091 3617 1119 3653 se

54 3682 149 3738 mixtum
166 3688 267 3743 habere
283 3699 311 3744 et
322 3692 370 3742 hac
386 3689 487 3742 ratione
504 3705 553 3741 ova
569 3705 670 3758 parere.
682 3715 716 3730 -
726 3688 834 3758 Reliqua
847 3690 919 3758 tetigi
930 3707 1008 3758 supra
1020 3706 1045 3758 p.
1058 3689 1116 3758 459.

80 3776 149 3840 (aaa)
167 3780 300 3834 Plutarch.
323 3781 356 3833 de
379 3781 446 3832 Plac.
464 3778 530 3848 phil.
545 3778 562 3829 l.
582 3778 598 3831 l.

79 3865 149 3931 (223)
163 3871 240 3923 sicut
261 3873 314 3942 ipse
335 3852 501 3944 Empedocles
523 3868 634 3920 vinum
655 3867 768 3939 appellat
786 3885 823 3921 ra.
847 3870 902 3934 τίη.

78 3953 146 4021 (224)
163 3960 270 4029 Emped.
288 3979 324 4014 va.
344 3959 388 4012 251
408 3975 462 4030 sqq.
480 3958 513 4014 cl.
531 3961 703 4014 commentar.
719 3959 746 4012 io
764 3957 789 4011 h.
808 3977 845 4010 vs.

79 4043 151 4112 (225)
165 4049 222 4116 vid,
240 4050 318 4118 paulo
335 4051 450 4102 iuferius.
887 4047 891 4053 “
