2768 4916
441 404 525 452 vrrs
547 403 595 452 ur
618 401 763 452 eronus
1106 387 1147 452 tt

54 569 270 672 Pythagorei
304 569 507 646 libertatem
537 571 680 672 populis
708 566 961 660 vindicabant,
983 593 1059 670 quo
1083 565 1145 644 fa·

53 690 155 766 cilius
179 690 248 791 ipsi
270 717 329 766 eos
352 717 452 766 more
476 707 514 767 et
540 693 724 794 disciplina
751 693 970 782 formarent,
993 704 1031 764 et
1051 715 1143 766 auc·

50 819 194 888 toritate
222 827 400 914 regerent.
449 816 514 888 Est
543 814 634 891 illud
664 815 824 916 prolecto
846 812 968 914 magni
995 824 1032 886 et
1057 810 1141 888 elati

49 935 180 1022 animi,
216 934 323 1009 malle
360 925 584 1022 anctoritate¹
604 965 716 1039 quam
753 936 903 1036 imperio
934 932 1072 1028 valere,
1103 948 1141 1008 et

48 1055 270 1151 praeclarius
309 1055 461 1150 ducere,
502 1059 633 1135 liberos
657 1057 826 1164 ⁴homines
854 1081 994 1156 regere,
1027 1082 1140 1158 quam

47 1175 213 1275 subjectis
248 1181 437 1278 imperare.

552 1453 627 1536 §a

90 1663 249 1739 Tantam
269 1681 393 1742 autern
411 1668 659 1742 anctoritatem
677 1679 714 1740 et
735 1669 1031 1742 existimationem
1050 1665 1136 1742 libe·

52 1784 179 1862 ralitate
199 1801 240 1861 et
261 1789 477 1890 aequalitate
499 1804 654 1888 partam,
678 1789 801 1863 multis
821 1787 961 1882 artibus
975 1789 1077 1864 auxit
1098 1801 1137 1862 et

54 1909 215 1984 retinnit:
250 1909 470 2012 eloquentia,
508 1910 699 2009 sapientia,
744 1909 953 2002 calliditate,
990 1935 1134 1984 mamm
1174 1955 1175 1966 .

60 2028 214 2135 vitaeque
238 2033 421 2132 dignitate.
473 2031 720 2132 Eloquentem
739 2031 868 2128 fuisse,
890 2046 964 2106 tam
983 2057 1005 2106 e
1027 2029 1136 2106 rebus

62 2155 195 2248 quasin
219 2157 362 2232 civitate
383 2157 475 2254 egit,
497 2179 609 2257 quam
633 2181 679 2229 ex
700 2181 742 2228 eo
764 2155 862 2256 quod
885 2157 1025 2255 primns
1046 2151 1135 2228 rhe-

57 2273 186 2350 torimm
200 2339 205 2348 .
221 2290 336 2350 artem
367 2278 518 2354 movisse
543 2276 691 2369 dicitnr,
715 2278 797 2350 satis
824 2274 916 2372 ellici
942 2283 1129 2376 potest⁴⁷.

53 2391 197 2472 Maxime
233 2425 319 2474 vero
354 2397 555 2473 celebratus
586 2412 640 2472 est
672 2395 720 2474 ob
750 2423 876 2474 rerum
908 2395 1131 2475 naturalium

52 2516 225 2593 scientiam
250 2535 287 2596 et
302 2521 459 2596 medicae
475 2520 560 2593 artis
575 2521 740 2618 peritiam
755 2523 814 2610 ⁴.⁸‚
840 2545 1000 2621 quarum
1016 2516 1130 2592 multa
1206 2592 1210 2600 ,

51 2650 79 2708 et
100 2642 279 2716 mirabilia
306 2641 470 2741 exempla
499 2670 519 2715 a
545 2639 727 2719 veteribus
750 2641 876 2716 tradita
898 2654 1003 2735 sunt,
1032 2664 1128 2740 quae

49 2761 97 2834 rel
130 2763 232 2837 illius
261 2779 375 2840 artem
401 2779 438 2838 et
466 2767 708 2864 sagacitatem,
732 2763 789 2837 vel
814 2763 1129 2854 existimationem,

47 2906 107 2978 qua
135 2886 239 2986 apud
260 2886 425 2988 aequales
448 2901 485 2962 et
505 2901 661 2986 posteros
682 2883 821 2979 floruit,
844 2884 1052 2960 ostendunt.

83 3006 334 3081 Pestilentiam
356 3023 394 3082 et
414 3007 679 3082 tabem‘multis
699 3007 813 3081 modis
836 3032 978 3081 curasse
1001 3032 1127 3082 narra·

48 3135 107 3222 tur3
118 3127 255 3229 partim
272 3129 426 3230 ignibus,
441 3127 575 3232 qnibus
590 3125 791 3202 medicandi
805 3130 881 3207 vim
894 3129 1010 3213 inesse
1026 3126 1126 3219 vidit,

48 3323 118 3380 rode.
142 3323 221 3374 Inter
231 3322 278 3374 hos
290 3331 377 3376 autem
388 3323 548 3393 Pythagorae
560 3301 706 3388 declinabo,
718 3317 779 3376 cn'm
788 3322 863 3374 multi
873 3311 1004 3376 numerati
1015 3321 1067 3373 rint
1078 3321 1125 3392 qni

47 3414 142 3480 proprie
152 3411 309 3480 Pythagorei
321 3431 375 3466 non
386 3413 473 3478 luere,
487 3423 543 3466 tum
555 3415 634 3468 etiam
646 3413 828 3486 Empedoclem
838 3411 946 3478 intelligi
958 3410 1037 3464 credo
1045 3429 1054 3463 a
1062 3427 1124 3462 narn
1151 3468 1156 3477 ¹

47 3515 113 3569 quem
129 3503 213 3572 alium
229 3502 414 3574 philosophum
427 3507 556 3573 Agrigenti
574 3506 702 3559 libertatis
717 3505 846 3558 vindicem
863 3501 1013 3573 praedicare
1027 3507 1123 3570 potue·

47 3590 105 3656 rint,
120 3611 174 3644 non
191 3591 283 3654 video,
300 3601 410 3663 excepto
427 3591 486 3657 illo,
501 3594 548 3664 qni
559 3612 576 3645 a
589 3595 676 3646 multia
688 3594 757 3646 inter
771 3591 947 3662 Pythagoreos
961 3589 1062 3644 soleba
1079 3609 1123 3644 re·

48 3678 110 3744 terri,
121 3691 153 3734 nt
164 3681 234 3734 infra
249 3681 398 3736 videbimur.

72 3774 128 3844 (iq)
145 3777 167 3826 Α
185 3775 292 3845 Satyro,
309 3771 380 3842 apud
393 3772 467 3842 Diog.
484 3773 571 3828 Lat'rt.
586 3773 614 3826 ll.
629 3789 651 3828 c.
661 3771 707 3836 5⁸,
719 3782 829 3829 vocatur
841 3773 929 3843 ῥήτωρ
940 3771 1060 3844 ἄριστος,
1075 3773 1122 3843 qni

48 3858 103 3914 illins
128 3862 233 3916 dicendi
262 3861 411 3915 facultatem
433 3863 582 3933 ediacipuli
598 3864 704 3932 Gorgiae
722 3865 883 3936 praestantia
899 3865 1064 3919 metiebatur.
1099 3867 1121 3917 Δ

49 3946 141 4006 limone
158 3953 270 4006 Phliasic
282 3955 419 4024 ἀγοραίων
434 3955 553 4025 κηλητὴς
573 3957 658 4009 ἐπέων
677 3957 786 4008 dicitur:
803 3953 852 4010 rid.
862 3953 971 4008 inferius
981 3958 995 4020 t
1006 3958 1023 4008 8
1035 3954 1117 4024 princ.

75 4043 127 4110 (48)
144 4044 183 4097 Cf.
206 4045 321 4098 Clericus
343 4047 408 4102 utar„
424 4039 492 4099 lded.
508 4048 536 4100 P.
549 4049 569 4100 1.
583 4048 658 4105 1..11.
670 4063 693 4100 c.
706 4045 738 4112 5·,
755 4043 850 4098 Subula
861 4045 927 4098 nisa
938 4045 1008 4100 Med.
1019 4043 1120 4099 Period.

52 4131 64 4179 l·
75 4135 167 4189 alte.
179 4149 204 4198 7.
217 4136 231 4198 ὑ
242 4135 288 4197 38,
301 4136 347 4188 cit.
357 4136 471 4188 Deawert
484 4136 587 4192 Heraol.
598 4140 672 4192 Pont.
680 4155 707 4207 p.
716 4139 759 4189 88.

758 4235 976 4303 ,ὦ
