2776 4916
268 387 331 452 234
668 395 946 457 concurreramus

268 580 337 630 ante
356 589 406 630 eos
426 556 535 652 ‹paihus
554 568 689 632 humana
708 575 864 656 progenies
885 571 1061 636 describitur
1071 571 1146 654 (248
1159 575 1246 664 sqq.),
1262 579 1316 660 qnia

265 671 459 757 Empedocles
479 685 547 737 ante
567 674 704 738 homines
724 679 866 740 exstitisse
890 677 1059 741 arborestct
1078 680 1196 762 plantas
1220 681 1315 760 docuit,

264 789 299 840 ut
319 777 489 840 ostendetur
507 780 541 840 in
562 778 674 841 dissert.
707 782 939 865 componuntur
960 793 1060 845 autem
1079 783 1111 847 h.
1132 785 1155 846 l.
1177 783 1316 847 arhoreset

264 885 375 967 pisces,
393 885 471 945 inter
488 903 565 968 quae
582 903 617 944 ea
630 893 673 944 est
686 885 861 964 similitudo,
877 887 960 971 quod
974 887 1064 950 ambo
1084 910 1149 950 non
1166 890 1242 952 vivos
1258 889 1316 951 setus

246 1032 248 1034 -
262 991 399 1074 pariunt,
414 989 533 1052 sed-ora
547 1011 570 1052 s.
586 991 846 1054 semen'frnrdunt.
859 993 898 1054 cf.
908 1015 952 1054 vs.
967 994 1038 1056 245.
1065 995 1122 1056 Pro
1135 1008 1229 1078 μικρὴ
1243 995 1315 1058 Scali·

262 1117 314 1178 ger
333 1115 491 1177 perperam
511 1108 601 1165 sats.
622 1102 733 1178 Melpes
752 1108 862 1180 μακρὴ,
885 1101 1029 1162 usitatum
1050 1101 1217 1184 epitheton:
1237 1099 1315 1164 sinili-

262 1212 307 1262 ter
327 1221 370 1264 vs.
389 1200 449 1261 245
455 1223 464 1279 3
484 1203 573 1263 Hom.
588 1203 624 1264 tl.
647 1219 682 1279 Α,
697 1203 754 1282 88;
772 1205 827 1267 od.
841 1235 871 1281 e,
886 1204 963 1282 2383
989 1203 1122 1268 Cleobul.
1147 1204 1227 1290 apud
1240 1207 1315 1266 latr.

262 1309 292 1383 l,
308 1305 357 1368 89.
387 1316 560 1387 καμασῆνες,
581 1330 641 1372 vox
660 1312 763 1389 rarior,
780 1315 867 1396 cujus
889 1312 982 1394 gratia
1001 1309 1053 1372 hic
1073 1331 1173 1372 sersus
1194 1309 1231 1370 ab
1242 1308 1316 1370 Athe-

246 1434 338 1474 naec
358 1413 479 1474 citatur:
505 1421 536 1480 tri
557 1424 686 1500 saetosa
708 1423 742 1483 ll
755 1445 806 1497 με,
834 1425 882 1484 καὶ
898 1421 942 1483 irs
960 1428 1055 1499 κοσνῦς
1075 1426 1185 1494 πάντες
1201 1423 1227 1482 οἵ
1242 1421 1317 1496 lxii&

262 1527 417 1599 κσμσισῖὶνος
445 1527 497 1586 ὕπο
526 1521 750 1601 Ἐμπεδοκλέους
777 1530 946 1605 ἐλέχθησαν·
975 1523 1029 1605 (0ss
1049 1544 1091 1584 VS·
1114 1521 1202 1604 205.)
1226 1519 1317 1598 0422115

138 1689 140 1694 ,
259 1623 357 1697 σεσΙοίε1
374 1624 537 1708 significari
551 1627 686 1705 ridetur,
702 1628 917 1712 Empedoclem
933 1628 1092 1710 proprium
1104 1627 1214 1710 speciei
1226 1643 1318 1686 nonen

259 1753 315 1814 pro
334 1730 488 1819 communi
504 1735 623 1807 (κοινῶς)
638 1752 801 1813 usurpasse.
843 1729 947 1792 scidas
961 1719 1082 1813 quoque
1098 1729 1207 1793 hahet:
1222 1742 1319 1806 Κσμοσ·

260 1846 357 1915 σοοός,
385 1835 493 1906 lisinis.
536 1837 681 1898 scribitur
708 1856 829 1928 quoqne
856 1844 1007 1916 κσμσῖοες
1035 1835 1118 1918 apud
1145 1833 1317 1916 hesychium.

260 1945 450 2005 Vocabulum
470 1944 532 2005 hoc
543 1991 552 2020 ,
574 1954 608 2003 ut
628 1963 734 2025 parurn
756 1942 861 2002 tritum
880 1943 928 2004 vel
950 1941 1136 2016 obsoletum,
1160 1950 1276 2001 notatru
1290 1936 1318 1996 ah

259 2052 417 2132 Antipatro
436 2052 468 2110 in
490 2049 626 2112 Analect.
648 2049 779 2108 Brunclr.
800 2050 832 2110 T.
854 2051 884 2110 ll
890 2070 952 2131 ‚p.
975 2048 1052 2126 1203
1073 2057 1209 2108 ceterum
1225 2044 1259 2106 de
1270 2045 1319 2127 ejus

260 2157 372 2239 origine
394 2167 422 2216 et
443 2165 587 2238 potestate
607 2175 672 2214 non
693 2164 827 2213 constat:
855 2172 915 2238 qua
936 2154 973 2215 de
994 2175 1025 2215 re
1046 2174 1110 2214 non
1132 2171 1210 2235 opus
1230 2161 1269 2211 est
1283 2168 1320 2207 re·

259 2272 359 2345 petere
387 2281 463 2344 quae
491 2259 643 2328 llartiuius
662 2258 733 2318 hex.
754 2257 861 2318 Philol
884 2259 1008 2321 Stura'
999 2279 1033 2318 rn
1053 2256 1180 2411 Emped.
1200 2277 1240 2319 rs
1258 2223 1319 2326 235,

185 2441 187 2445 Ι
259 2367 398 2450 aliique
385 2387 450 2449 Jam
471 2364 607 2425 attulere.
999 2401 1001 2405 -

299 2473 348 2532 Vs.
370 2471 440 2532 244.
482 2476 510 2537 lv
537 2473 609 2552 ξηρῳ
635 2473 721 2546 κτλ.)
760 2469 883 2528 Versum
903 2467 989 2528 hunc
1010 2465 1095 2528 effeci
1116 2487 1156 2527 ex
1177 2467 1224 2528 his
1241 2462 1320 2527 Theo-

260 2575 375 2658 phratli
401 2575 512 2636 verbis:
542 2576 732 2656 Ἐμπεδοκλεῖ
755 2583 820 2655 πρὶς
841 2583 905 2650 σοῖο
923 2580 1025 2650 ἄλλοις
1046 2583 1094 2642 sai
1114 2576 1199 2642 τοῦτ’
1218 2581 1319 2644 hessos,

202 2699 206 2703 “
261 2686 324 2764 ὅπερ
345 2691 393 2748 καὶ
411 2688 441 2748 ἐν
460 2687 564 2762 tessare
584 2689 711 2762 ἐίροσσο,
734 2689 767 2747 σο
788 2687 1015 2760 perversores
1035 2686 1072 2747 is
1092 2691 1139 2764 σῷ
1160 2684 1251 2764 ξηρῷ
1268 2691 1320 2750 ris

260 2794 373 2871 Φύσιν
391 2785 578 2870 preciosas
599 2794 652 2863 οἷς
671 2799 712 2853 σο
734 2793 847 2868 ὑγρόν.
879 2786 917 2846 cf.
949 2785 1085 2869 ejusdem
1108 2788 1256 2870 scriptoris
1272 2782 1319 2844 loci

259 2897 342 2958 relati
363 2895 442 2978 infra
460 2915 508 2954 nr.
528 2891 599 2952 449.
641 2893 772 2954 Sturaius
792 2913 909 2952 versum
930 2889 1001 2950 inde
1021 2889 1183 2952 effinxerat
1201 2892 1319 2952 huncce:

422 3008 576 3082 γεννήσασα
595 3001 681 3078 Φύσις
700 3007 822 3080 μετάγει
843 3006 876 3064 cl
897 2999 976 3078 ξηροο
997 3002 1028 3072 ἐς
1048 3003 1138 3078 ὑγρόν.

258 3109 458 3168 Buttmannus
478 3125 549 3166 vero
569 3105 676 3166 talem:

421 3217 461 3288 οἷς
481 3218 561 3292 ὑγροο
582 3221 635 3293 γὰρ
656 3217 721 3294 ἄγει
743 3219 782 3278 sit
802 3217 945 3290 ὑσέρποροο
964 3215 1126 3288 γεννήσασα.

259 3316 451 3378 Vocabulum
472 3325 615 3399 ὑπέρπορα
633 3337 672 3377 ex
694 3316 788 3377 altero
804 3314 998 3398 Theophrasti
1015 3312 1083 3372 loco
1097 3311 1160 3372 huc
1175 3307 1320 3380 arcessirit3

260 3421 311 3482 sed
340 3421 466 3483 verbum
496 3431 635 3504 μεοοίρσιν
668 3433 747 3484 certe
777 3419 954 3492 tenendum.
998 3417 1150 3480 Sententia
1176 3415 1249 3476 haec
1273 3421 1320 3472 est:

259 3526 291 3585 in
305 3529 478 3611 quaerendo
499 3549 651 3606 caussam,
665 3549 720 3588 cur
740 3527 835 3610 pisces
854 3525 887 3584 in
908 3545 986 3607 aqua
1006 3522 1106 3582 vivent
1117 3565 1126 3595 ,
1152 3520 1265 3603 putarit
1282 3533 1322 3575 eos

261 3643 369 3693 natura
390 3633 545 3694 calidiores
566 3655 640 3694 csse
633 3632 783 3714 ,ideoque
797 3631 950 3706 Naturam,
966 3639 1001 3688 ut
1016 3627 1146 3688 calorem
1160 3625 1249 3715 illum
1260 3633 1322 3682 tem·

261 3751 391 3819 peraret,
413 3763 473 3818 eos,
495 3741 577 3824 prius
597 3741 630 3800 in
650 3748 726 3836 terra
748 3736 873 3818 genitos,
893 3737 927 3795 in
948 3737 1058 3816 aquam
1078 3711 1294 3813 transportasse.

303 3846 351 3905 VS·
370 3845 447 3910 245·
484 3845 640 3914 sorel*
623 3874 737 3913 ωοσοοοεο
725 3848 843 3919 Ques)
862 3852 956 3923 μσοορῐι
976 3844 1086 3922 δένδρεα
1106 3838 1238 3900 Sturzius
1256 3827 1324 3892 dedit

262 3969 277 4006 e
297 3946 516 4032 Theophrasto,
546 3953 578 4012 in
600 3950 754 4014 Aristotele
773 3948 865 4030 vulgo
885 3947 1041 4030 legebatur
1060 3955 1158 4026 μικρὰ,
1184 3938 1265 4026 quod
1280 3934 1324 3994 hs·

260 4049 333 4112 hent
360 4075 480 4138 quoque
507 4055 691 4139 Philoponus
719 4066 748 4117 et
773 4053 921 4136 Scaliger,
948 4051 1115 4116 Aristoteles
1142 4047 1232 4110 Bell.
1258 4047 1325 4102 recte
