2756 4912
443 423 482 472 ru
505 419 759 478 nmnuocmu.
1083 407 1144 476 161
1249 405 1253 414 '

67 603 230 676 ριιικρσίιινκσ
258 593 334 659 εἶναι.
377 590 528 654 Plutarch.
558 591 596 652 de
625 593 712 654 Orac.
735 589 796 650 def.
820 609 852 672 p.
874 587 945 652 420.
969 587 1049 674 (vol.
1070 587 1146 670 ΧΠ,

67 723 95 783 p.
113 698 197 782 656.)
239 698 328 775 Quasi
348 701 491 778 μακροῖσιν
511 695 593 759 idem
615 696 651 757 sit
671 706 761 779 atque
780 703 928 778 μικίρισρ.

101 807 146 866 Vs.
169 807 199 867 5.
234 809 302 888 ,τρίς
328 833 376 885 μιν
401 813 501 886 μυρίος
524 807 611 878 κτλ.)
652 801 791 882 Origenes
819 821 979 884 perperam
1007 811 1069 886 σρὶς
1093 818 1148 884 μῦν

66 947 138 958 -
157 918 332 985 ennato.
364 910 425 971 vid.
456 919 563 970 annot.
593 906 632 967 ad
661 927 702 968 vs.
735 927 779 988 eq.
822 907 970 970 Numerus
1000 914 1147 974 temerius

65 1018 220 1100 antiquitus
252 1019 337 1100 quasi
368 1024 574 1075 consecratus:
612 1011 653 1072 sic
686 1019 747 1092 ιρις
777 1019 866 1096 μυρίοι
897 1011 1058 1076 daemones
1085 1035 1148 1076 ver·

65 1133 158 1182 santur
184 1122 220 1182 in
246 1122 350 1196 terris,
381 1117 551 1180 secundnm
579 1115 700 1178 Hesiod.
718 1117 786 1200 ¹Op.
814 1126 845 1178 et
864 1117 900 1178 D.
921 1138 965 1179 vs.
986 1117 1047 1180 252
1068 1120 1144 1182 Gler.

65 1233 141 1309 Quod
170 1233 274 1294 'autern
293 1232 387 1314 magis
410 1230 599 1312 appositum,
628 1232 813 1310 σρισχιλίοισι
832 1233 909 1296 lem
928 1229 1072 1314 Aegyptii
1092 1229 1147 1292 ab·

65 1335 211 1398 solvebant
242 1337 413 1397 animarum
441 1355 495 1416 per
513 1333 594 1392 varia
617 1321 745 1416 corpora
765 1335 996 1417 migrationem,
1024 1345 1146 1397 auctore

65 1441 220 1519 Herodoto,
237 1441 370 1516 11‚12.'t.
416 1441 473 1515 Qui
495 1450 537 1500 ter
555 1443 599 1516 (ὃς
616 1445 691 1521 epte)
711 1441 880 1523 utrimque,
902 1439 936 1500 in
957 1441 1041 1502 terris
1062 1452 1092 1502 et
1111 1443 1146 1501 in
1217 1515 1223 1526 ἱ

64 1546 167 1624 inferis,
203 1547 269 1608 siue
299 1545 368 1606 labe
394 1545 554 1618 vixissent,
581 1543 628 1606 his
652 1544 770 1606 aditum
794 1546 828 1604 in
849 1543 1007 1606 beatorum
1030 1545 1145 1607 insulas

64 1662 154 1733 potere
180 1651 266 1713 canit
286 1649 443 1712 Pindarus.
467 1647 591 1732 Olymp.
619 1652 666 1724 ll,
695 1648 746 1710 75.
769 1648 899 1710 boeclh.
941 1650 1076 1735 Denique
1096 1673 1145 1712 se-

65 1755 191 1818 cundum
220 1757 397 1830 Platonem,
426 1755 479 1838 qui
508 1756 625 1837 integre
653 1765 683 1816 et
710 1765 789 1815 caste
813 1743 1079 1839 philosophantes,
1101 1769 1148 1817 ter

66 1859 196 1945 deinceps
216 1861 373 1922 hocritae
392 1881 488 1943 genus
508 1861 601 1921 secuti
623 1854 733 1936 essent,
755 1859 878 1920 illorum
900 1861 1018 1922 animae
1035 1890 1147 1945 τρισχι.

66 1980 159 2053 λισσῇ
177 1973 240 2036 ἔφη
262 1969 294 2028 in
320 1967 440 2028 coelum
462 1965 639 2026 evolabant:
662 1963 787 2026 Phaedr.
812 1985 842 2046 p.
864 1963 926 2027 249
946 1967 982 2028 t.
1005 1967 1046 2029 cf.
1067 1990 1145 2052 quae

68 2073 97 2133 de
122 2075 256 2136 ternario
285 2093 413 2132 numero
445 2082 549 2131 monet
578 2069 717 2132 liittersh.
744 2071 777 2130 in
802 2071 950 2156 Porphyr.
976 2074 1029 2134 vit.
1053 2073 1144 2157 Pyth.

67 2199 93 2235 n.
110 2177 163 2256 38,
186 2201 219 2262 p.
244 2179 297 2239 55.
337 2174 535 2258 Empedocles
550 2185 651 2236 autern
666 2175 740 2236 dicit
752 2181 839 2257 ὅρος,
854 2176 1052 2241 indefinitum
1067 2189 1145 2240 tem·

67 2285 136 2362 poris
154 2283 288 2368 spatium
308 2303 365 2365 pro
386 2279 491 2357 finit03
512 2279 632 2341 videtur
653 2303 748 2342 corros
767 2280 947 2364 significare.
990 2285 1146 2346 Caeterum

68 2388 94 2446 in
117 2389 225 2450 talibus
252 2385 441 2470 explicandis
463 2405 528 2444 non
551 2386 645 2447 nimia
672 2386 813 2448 sedulitas
836 2389 997 2471 ponenda,
1019 2400 1054 2451 ut
1073 2391 1146 2452 lacit

68 2494 185 2555 Sturzius
215 2493 249 2554 h.
279 2492 302 2552 l.
331 2491 383 2573 qui
410 2496 480 2572 tim
512 2489 713 2573 interpretans
747 2515 876 2570 manses,
906 2515 1029 2558 omnem
1056 2495 1146 2557 illurn

69 2618 220 2660 numerum
241 2597 280 2657 ad
299 2598 421 2678 triginta
441 2597 595 2656 hominum
616 2609 723 2658 aetates
742 2598 852 2660 referre
872 2598 980 2661 studet.

101 2706 146 2764 Vs.
166 2703 202 2764 6.
243 2711 397 2784 γεινόμενον
421 2707 505 2777 κτλ.)
544 2700 635 2784 Apud
654 2703 846 2786 Origeneml.
861 2705 882 2765 l.
896 2701 1145 2790 haeeleguntur=
1270 2739 1272 2743 ·

70 2815 149 2883 irretit
176 2815 210 2876 δὲ
239 2813 349 2888 educes
374 2812 549 2883 σννδεθένσσς
573 2813 704 2887 ἅνθρωποι
725 2817 887 2891 paedorem.
913 2818 972 2878 eleo
991 2818 1146 2894 οἰκονομίας

71 2930 117 2984 rtis
141 2923 211 2986 tros
241 2918 348 2990 ἕνσκσν,
375 2923 435 2982 e's‘re
462 2925 559 2990 ιιοιιὶς
590 2923 733 2996 ἁμαρτίας
761 2919 977 2995 ἅπστιννύιτσς,
1011 2921 1060 2987 ott'
1091 2927 1144 2990 ὑπο

71 3033 230 3104 rotrudem
256 3033 337 3089 erede
364 3033 415 3096 'rie
441 3027 536 3100 ψυχῆς
555 3027 749 3100 βαρυνθείσης.
773 3030 876 3104 μέχρις
896 3029 930 3091 ts
950 3024 1146 3108 τεταγμέναις

71 3136 190 3211 περιίδοις
208 3136 370 3210 enatasti·
390 3133 434 3193 tot
452 3139 506 3209 ρὶρ
527 3139 608 3194 κατὰ
628 3137 677 3194 σον
697 3129 913 3206 Ἐμπεδοκλέα,

203 3247 265 3317 epte
284 3249 336 3314 μὲν
355 3243 453 3315 μυρίος
474 3240 546 3314 deae
565 3239 621 3300 ἐπὶ
642 3247 772 3315 μακάρων
791 3241 966 3312 sorresco,

199 3349 346 3424 γινομένην
366 3351 503 3408 παντοῖον
523 3344 570 3406 lte
589 3349 689 3422 χρόνον
709 3348 785 3410 iliae
807 3352 917 3416 θκνσῦν.

70 3445 219 3527 Wyttenb.
247 3445 286 3506 ad
307 3445 459 3507 Plutarch.
482 3445 520 3505 de
541 3445 569 3507 S.
591 3446 626 3506 N.
649 3449 684 3507 V.
706 3468 737 3531 p.
762 3449 819 3510 113
841 3461 870 3510 et
890 3451 953 3510 Ast.
973 3452 1006 3510 in
1027 3449 1144 3512 Platon.

72 3547 184 3610 Phaedr.
204 3571 237 3632 p.
259 3550 337 3622 309,
360 3548 445 3610 hunc
464 3549 568 3612 locum
588 3552 713 3613 citantes
727 3553 805 3615 male
820 3553 966 3616 exhibent
979 3561 1143 3624 ἀλιιλῖισθιιι

73 3663 97 3712 et
113 3663 269 3736 γενομένην.
310 3655 420 3716 Ultima
447 3667 547 3717 autern
574 3655 664 3717 verba
684 3659 817 3720 Sturaius
836 3660 896 3721 hoe
919 3660 1010 3720 modo
1030 3663 1064 3722 in
1084 3683 1144 3723 nu-

74 3777 161 3822 meros
178 3761 286 3845 redigit
303 3783 348 3824 vs.
369 3751 444 3823 '1632
458 3815 460 3822 ,

244 3873 319 3938 cetea
338 3877 394 3935 reis
414 3879 515 3941 turreio
536 3879 657 3936 κοντοῖσι
677 3877 723 3936 διὰ
743 3877 840 3951 χρόνον
859 3879 937 3941 dere.

75 3966 173 4031 Parum
189 3972 322 4036 feliciter.
364 3974 534 4058 Simplicior
554 3975 738 4037 emendandi
759 3979 834 4037 ratio
855 3992 962 4061 sponte
984 4003 1013 4041 se
1038 3981 1144 4042 offere-

76 4068 129 4239 btp
168 4084 299 4150 ιικνσοίσν
322 4117 360 4128 ·-·
386 4087 460 4150 ἰδέιιν
481 4082 514 4143 in
535 4093 660 4150 πονσοῒσ
686 4115 727 4133 ··-
754 4089 830 4152 utra
856 4088 1038 4149 mutandum
1068 4109 1143 4165 esse,

126 4182 162 4243 ll.
972 4197 1005 4254 ll
