2814 4906
530 433 769 486 rumosoeuu.
1121 423 1184 488 tot

109 601 156 676 ad
174 602 299 676 lunam
317 598 517 674 extenderit
533 603 590 694 Μ)
608 600 706 674 locus
728 613 878 673 naturae
895 613 1033 676 nostrae
1048 615 1186 676 contra·

109 726 207 813 rius,
240 738 385 796 antrum
421 720 634 812 obscurum,
676 720 851 794 malorum
888 733 925 794 et
963 721 1186 796 miseriarum

109 859 256 941 pratum
273 853 328 915 ²³.

158 963 322 1037 Mortales
348 977 468 1037 autem
498 967 537 1038 in
573 965 638 1037 hoc
665 963 785 1038 exsilio
811 964 980 1066 degentes
1007 979 1185 1065 coguntur

109 1086 150 1156 in
178 1085 291 1158 varias
317 1085 483 1183 deinceps
510 1087 732 1158 animantum
759 1088 889 1160 formas
909 1085 1061 1186 migrare
1083 1085 1186 1179 (tat-

109 1205 227 1297 ano-lou
253 1211 394 1284 παντοῖα
422 1204 464 1283 δι’
489 1203 577 1283 eltae
600 1203 728 1304 θνητῶν)
742 1215 798 1298 ²4,
829 1231 902 1279 non
930 1207 1045 1284 solum
1067 1206 1189 1280 homi·
1218 1263 1219 1276 ,

111 1356 221 1422 num,
239 1329 419 1421 sedetiam
434 1327 632 1402 bestiarum
644 1341 681 1400 et
692 1325 874 1421 arborum,
885 1326 1189 1426 quemadmodum

114 1455 186 1550 ipae
213 1449 479 1540 recordabatur,
508 1473 545 1522 se
574 1449 758 1548 quondam
784 1448 893 1521 luisse
916 1473 1051 1522 marem
1073 1459 1110 1524 et
1133 1448 1190 1520 le·-

112 1574 247 1646 minam
270 1587 308 1646 et
331 1570 515 1648 volucrem
539 1584 576 1643 et
588 1572 728 1668 ’piscem
757 1583 794 1642 et
816 1569 989 1644 arborem.
1038 1570 1191 1646 letarum
1258 1640 1260 1643 ,

114 1709 236 1770 autem
258 1693 499 1766 mutationum
518 1690 585 1764 alia
605 1691 847 1788 praestantior,
868 1689 936 1764 alia
956 1690 1126 1766 deteriora
1149 1692 1187 1762 in

111 1819 204 1890 feras
219 1812 453 1914 migrantibus
471 1811 650 1910 optimum
667 1813 706 1884 in
725 1811 876 1884 sormam
895 1810 1005 1886 leonia
1019 1813 1189 1886 uanslor-

113 1938 219 2029 mari3
235 1935 275 2012 in
291 1935 447 2027 arbores,
462 1933 554 2007 lauri
568 1941 624 2003 2⁵.
646 1932 838 2031 Postquam
855 1947 977 2006 autem
989 1958 1054 2031 per
1065 1917 1191 2008 cenati·

114 2073 236 2132 tutum
254 2056 422 2156 temporis
436 2057 592 2153 spatium
608 2052 816 2126 circumacti
830 2053 953 2128 fatales
968 2079 1098 2152 poenas
1108 2052 1189 2128 lue-

116 2179 189 2253 rint
204 2193 240 2254 et
259 2178 389 2256 scelera
408 2175 644 2278 expiaverint,
665 2188 841 2274 postremo
858 2176 898 2248 in
917 2176 1189 2276 praestantiores

114 2301 249 2376 abeunt
275 2313 439 2387 naturas,
461 2310 580 2388 vates,
607 2321 722 2394 reges,
743 2309 824 2370 cett.
851 2295 951 2370 unde
977 2293 1121 2368 tandem
1145 2293 1189 2368 ad

114 2422 259 2495 melecta
290 2419 497 2496 evehuntur
528 2415 766 2509 domicilium,
791 2414 908 2489 locum
936 2415 1095 2514 ipsorum
1119 2441 1189 2488 na-

113 2559 217 2617 turae
249 2553 541 2628 consentaneum,
571 2538 697 2636 ibique
730 2535 824 2611 beati
854 2562 938 2610 cum
964 2535 1037 2608 Diis
1060 2561 1189 2612 aevum

112 2665 315 2762 deguut²⁶.

78 2869 81 2874 ‚
162 2785 256 2858 Haec
279 2785 452 2857 sententia
474 2782 580 2881 plane
603 2784 756 2855 concinit
777 2807 861 2854 cum
887 2780 1187 2880 Pythagoreorum

112 2903 418 3008 metempsychosi,
465 2902 604 2976 tametsi
647 2901 879 3002 Empedocles
913 2900 1108 2994 nonnulla,
1143 2899 1188 2976 ad

108 3027 350 3124 Orphiccrum
376 3023 528 3101 'fumasse
556 3024 781 3121 exemplum,
814 3021 1089 3121 superstitiosius
1119 3020 1189 3094 ads

143 3197 202 3262 (aa)
218 3197 321 3262 origen.
336 3195 427 3249 Philas.
445 3199 489 3251 lv:
508 3197 598 3266 ὥσπερ
618 3197 632 3247 ὅ
651 3195 850 3264 Ἐμπεδοκλῆς
865 3197 958 3246 πάντα
973 3195 1022 3244 τὸν
1038 3191 1105 3244 καθ’
1118 3194 1188 3260 dude

109 3287 198 3340 τόπον
218 3287 269 3357 ἔφη
287 3290 375 3341 κακῶν
391 3292 492 3354 μεστὸν
513 3286 600 3357 εἶναι,
621 3292 669 3342 καὶ
686 3292 768 3358 μέχρι
786 3287 820 3340 δὲ
840 3287 954 3356 σελήνης
972 3290 1008 3338 τὰ
1027 3289 1097 3338 κακὰ
1110 3288 1187 3347 φθά-

109 3401 171 3434 νειν
187 3384 216 3434 ἐν
232 3386 283 3435 τοῦ
300 3385 367 3452 περὶ
384 3391 436 3452 γῆν
455 3385 542 3437 τόπου
559 3385 705 3450 aetrno,
722 3384 877 3452 περαιτέρω
899 3380 931 3432 δὲ
946 3384 984 3448 μὴ
1002 3389 1119 3449 χωρεῖν,
1136 3381 1189 3431 ὅτε

108 3479 311 3546 καθαρωτέρου
334 3482 385 3530 τοῦ
406 3477 477 3547 ὑπὲρ
498 3482 550 3546 τὴν
569 3478 686 3544 σελήνην
704 3479 808 3534 παντὸς
827 3475 905 3533 ὄντος
927 3475 1026 3533 τόπου,
1050 3473 1120 3524 οὕτω
1141 3473 1190 3522 nal

108 3573 153 3636 τῷ
169 3569 346 3640 Ἡρακλείτῳ
363 3571 469 3632 ἔδοξεν.

146 3661 200 3725 (23)
218 3662 324 3731 Emped.
343 3679 378 3714 va.
399 3662 443 3714 13:
460 3665 605 3731 ἀουνὴθεα
619 3663 717 3732 χόορον.
733 3677 769 3712 vs.
789 3676 832 3712 ao:
844 3659 969 3728 ἀτερπέα
983 3659 1081 3727 χῶρον.
1092 3670 1129 3706 vc.
1146 3652 1188 3704 23:

106 3750 200 3820 'Avus
219 3754 348 3818 λεομῶνα.
366 3773 401 3808 τι.
420 3755 463 3806 31:
483 3755 583 3825 ἄντρον
603 3756 767 3821 bertovarae.
787 3752 824 3805 Cl.
835 3751 968 3819 Wytteub.
982 3755 1074 3804 Auoct.
1086 3746 1112 3796 ln
1125 3743 1189 3796 Pht·

107 3843 241 3898 Phaedon.
258 3863 286 3914 p.
303 3845 351 3898 300
373 3864 410 3917 eq.

148 3935 204 3998 (aa)
221 3935 326 4004 Emped.
347 3953 384 3988 rs.
405 3937 429 3988 6.

146 4019 504 4091 (ab)1dcm'vu.3ta·383,
521 4027 553 4080 ad
572 4044 597 4096 q.
615 4027 633 4080 l.
652 4027 797 4078 comment.
819 4041 842 4092 p.
868 4021 923 4086 ²75·

145 4115 204 4182 (26)
220 4114 294 4168 Idem
315 4132 364 4166 vas.
388 4115 509 4177 eet-tet.
