2796 4914
245 419 310 482 ³02
453 457 457 462 v
646 429 925 478 couuuursrnus
1004 397 1018 422 ⁴

245 605 396 674 moramr,
424 602 463 672 ός
490 605 524 664 το
551 610 604 677 μὲν
633 608 737 679 curel
761 603 1053 678 descripsissem,
1075 596 1303 659 adlleraclitum

243 703 392 785 pertinere
414 713 545 782 constat,
572 704 638 787 quis
658 727 729 767 uero
749 703 963 787 intelligendus
983 705 1021 764 sit
1039 702 1091 764 ille
1111 711 1216 784 erpelle
1233 709 1302 787 ἀνήρ,

242 809 295 892 qui
324 807 500 886 libidinem,
527 819 654 893 propter
678 809 878 870 insatiabilem
904 811 970 892 ejus
997 808 1208 891 cupiditatem,
1232 813 1302 894 quasi

240 923 315 982 τοίνυν
338 921 521 995 saepefatus,
542 914 684 1000 idemque
704 914 826 976 stolidos
846 923 876 975 et
895 911 1050 994 improbos
1069 918 1211 995 ἀμυήτους
1228 934 1304 975 voea-

239 1022 328 1097 rerit,
356 1019 395 1080 ab
422 1019 543 1080 cruditis
569 1019 735 1081 dubitatur.
777 1017 878 1080 Schol.
898 1015 1021 1080 Ruhnk.
1042 1039 1075 1100 p.
1098 1018 1158 1079 119
1179 1042 1222 1103 sq.
1240 1021 1303 1080 Em-

168 1173 172 1184 .
240 1123 450 1208 peduclem
474 1125 631 1209 intelligit,
658 1126 733 1188 haec
759 1135 926 1186 annotans:
958 1133 1107 1201 Σικελικός
1127 1126 1302 1203 (zeuetlell'

239 1234 257 1304 t
277 1231 434 1308 Ἰτολνκός,
461 1235 516 1300 νόου
535 1233 735 1314 Ἐμπεδοκλῆς.
777 1237 962 1314 Πυθαγόρειος
980 1235 1012 1301 lt
1032 1230 1115 1308 circe
1133 1235 1179 1307 ie,
1207 1239 1304 1312 ὑπῆρχε

239 1339 270 1403 l?
290 1345 339 1406 uel
358 1337 591 1420 Ἀκραγαντῖνος·
612 1390 622 1416 ,
643 1391 651 1405 .
676 1391 683 1408 .
708 1391 717 1407 .
738 1347 857 1405 Σικελόν
872 1343 933 1410 1ὲῆ
947 1339 1203 1420 ’1τοολονόνφνοον,
1221 1344 1304 1411 &rell

239 1452 358 1516 πλνοόου
376 1451 511 1520 Σικελίας
532 1449 602 1511 ότι
615 1452 728 1527 Κρότων
748 1455 797 1512 nal
817 1453 851 1510 sl
869 1450 1082 1520 Μεταπόντιον.
1105 1451 1139 1512 οἱ
1155 1451 1264 1522 πόλεις,
1279 1444 1306 1512 ci

238 1557 268 1614 el
284 1555 464 1632 Πυθαγόρειον
482 1555 634 1634 διέτριβον,
651 1556 682 1618 οἳ
701 1560 754 1628 τῆς
773 1551 902 1625 ’trottae
923 1557 984 1617 elei.
1027 1549 1165 1614 Eundem
1176 1550 1304 1632 intelligit
1390 1593 1391 1598 κ

238 1655 481 1740 Olympiodorus.
509 1658 585 1719 Cum
597 1656 643 1718 his
657 1679 673 1718 e
685 1655 900 1718 recentioribus
913 1654 1107 1715 consentiunt
1119 1654 1303 1716 Tiedemauu.

237 1768 267 1818 et
294 1758 474 1820 Stallbaum.
500 1761 534 1820 in
560 1759 592 1822 h.
621 1762 644 1822 l.
686 1758 826 1824 Dissentit
850 1759 980 1822 Boeolrlr.
1004 1758 1112 1822 Philol.
1134 1781 1168 1842 p.
1191 1759 1250 1821 187
1267 1780 1304 1842 sq.

238 1865 291 1948 qui
319 1863 537 1926 Philolaum
564 1867 664 1950 potius
691 1865 854 1949 significari
874 1875 971 1949 putat.
1012 1864 1052 1926 At
1071 1867 1104 1925 in
1124 1863 1303 1940 Philolaum,

237 1969 351 2030 etiamsi
376 1969 476 2053 ipsum
503 1971 583 2031 illud
603 1972 720 2033 dictum
742 1980 935 2054 congrueret,
967 1989 1031 2033 non
1052 1981 1156 2030 tamen
1177 1968 1306 2051 congruit

236 2071 331 2134 hocce
357 2080 479 2152 Σονελός
504 2105 552 2153 τος
578 2081 594 2151 l
624 2079 783 2152 Ἰτολοκός,
811 2077 925 2160 quippe
946 2095 1038 2159 quem
1058 2075 1304 2156 lletapontinum,

235 2178 348 2240 Italum
376 2192 454 2242 certe
486 2182 576 2243 fuisse
589 2169 592 2177 ¹
606 2203 711 2244 omnes
746 2181 944 2243 conueniunt.
986 2181 1132 2240 Neutrum
1171 2178 1306 2261 probatur

236 2283 318 2345 Aetio
338 2286 372 2346 in
392 2286 425 2347 lr.
446 2287 468 2348 1.
490 2287 543 2372 qui
563 2287 664 2350 lusum
683 2288 776 2348 istum
795 2285 957 2347 uerborum
977 2294 1069 2361 τόόος,
1091 2293 1219 2361 nelarie,
1240 2311 1305 2351 τεοο·

239 2397 326 2466 τονόν,
348 2396 490 2471 όιμυντόν,
519 2392 557 2454 ab
577 2393 642 2476 ipso
663 2393 787 2455 Platone
808 2391 1013 2474 excogitatum
1033 2401 1138 2473 putat,
1164 2389 1305 2475 quo‘rhe·
1391 2416 1392 2424 υ

234 2504 333 2574 tores,
362 2497 431 2559 illos
460 2498 663 2581 persuadendi
692 2499 864 2580 magistros,
895 2496 1049 2571 irrideret,
1078 2516 1210 2579 eumque
1231 2491 1305 2554 soliti

236 2620 325 2661 usum
355 2599 606 2679 dissimulatione,
637 2602 716 2663 illud
744 2610 841 2687 κομψῷ
866 2625 927 2670 ’τουν
957 2606 1033 2682 ιἰνδρὶ
1061 2599 1208 2662 tribuisse.
1256 2595 1306 2658 Sed

236 2707 371 2790 quamuis
390 2705 531 2770 lubenter
543 2707 624 2769 lsuo
644 2705 803 2785 adsentiar,
825 2727 870 2784 ea,
891 2729 968 2790 quae
988 2707 1031 2767 rei
1051 2704 1209 2788 augendae
1223 2703 1306 2787 gratia
1390 2735 1391 2740 κ

236 2812 362 2873 ridicule
383 2811 485 2874 addita
504 2823 589 2889 sunt,
610 2834 628 2873 a
648 2812 771 2873 Platone
793 2811 866 2875 licta
887 2833 962 2886 esse,
984 2822 1102 2886 tamen,
1125 2809 1212 2893 quod
1230 2827 1306 2891 prae·

235 2917 361 2999 eipuum
388 2929 430 2978 est
456 2919 489 2978 in
510 2917 568 2978 hac
588 2917 749 2993 sententia,
773 2916 889 2978 dictum
908 2915 1004 2978 hocce
1026 2924 1100 2990 τόόος
1125 2923 1305 2996 τετρημένος,

235 3022 307 3082 item
326 3021 386 3083 hoc
408 3033 476 3099 τοὺς
495 3028 628 3099 ἀνοήτους
647 3028 806 3103 ἀμυήτους,
834 3043 899 3082 non
920 3022 977 3104 ipsi
998 3031 1077 3082 certe
1097 3021 1236 3098 Platoni,
1263 3017 1306 3080 sed

146 3125 150 3132 ’
235 3124 337 3186 Siculo
351 3128 395 3188 illi
408 3125 539 3205 homini,
553 3129 688 3212 quisquis
704 3129 755 3203 sit,
771 3125 980 3202 tribuendum5
994 3127 1105 3208 pariter
1115 3137 1151 3185 ut
1161 3144 1306 3208 praegres-
1389 3169 1390 3172 ,

236 3249 303 3290 sum
324 3253 444 3315 quoque
463 3232 560 3310 istud,
579 3240 612 3301 el
632 3262 683 3315 μευ
700 3242 783 3314 σῶμά
798 3238 879 3301 ἐστιν
894 3241 985 3312 οῆμον,
1004 3253 1070 3292 non
1090 3253 1108 3292 a
1124 3231 1250 3294 Platone
1264 3229 1305 3290 in·
1389 3260 1390 3266 υ

234 3347 376 3414 rentum,
398 3337 450 3398 sed
464 3337 502 3399 ab
516 3339 662 3401 Heraclito
676 3340 847 3402 desumtum
861 3349 913 3399 est.
949 3339 1016 3398 lam
1029 3359 1100 3398 vero
1113 3338 1147 3396 in
1159 3337 1305 3396 neminem

234 3440 294 3502 hoc
309 3443 402 3504 alium
416 3446 473 3504 nisi
484 3446 515 3505 in
529 3457 627 3506 uatem
641 3445 793 3522 Siculum,
809 3443 1020 3528 Empedoclem
1034 3442 1103 3501 dico
1110 3485 1119 3517 ,
1134 3441 1305 3513 convenire,

235 3545 310 3606 mihi
320 3547 448 3609 dubium
459 3571 523 3610 non
536 3551 662 3611 ridetur·
689 3550 823 3612 Primum
835 3552 869 3610 in
883 3571 974 3632 quem
987 3548 1127 3630 congruit
1144 3545 1199 3608 illa
1213 3543 1305 3630 appel·
1388 3579 1389 3606 ;

236 3651 308 3714 latio
328 3664 447 3726 Σρκελός
469 3685 512 3733 τις
532 3659 547 3730 l
569 3657 727 3732 Ἰτολνκός,
749 3657 806 3716 nisi
825 3657 858 3716 in
876 3651 1108 3736 Empedoclem,
1122 3653 1175 3736 qui
1190 3653 1305 3712 natione
1388 3699 1389 3702 ,

235 3756 352 3822 Siculus
372 3762 513 3848 idemque
530 3764 704 3824 Italicorum
720 3760 849 3822 familiae
864 3761 949 3844 quasi
967 3758 1064 3820 affinis
1083 3757 1162 3818 suit‘l
1183 3757 1223 3818 of.
1237 3775 1306 3840 quae

134 3857 138 3864 ¹
236 3862 301 3923 dixi
327 3887 416 3950 supra
442 3891 475 3952 p.
506 3868 545 3931 44
571 3892 613 3954 sq.
657 3867 771 3932 Deinde
791 3866 871 3927 istud
892 3875 1028 3949 τορόγεον
1048 3876 1089 3949 τῷ
1109 3871 1239 3946 όνόμοοτο,
1257 3881 1306 3921 VO·
1387 3935 1388 3938 ,

236 3968 345 4032 cabula
371 3984 400 4033 et
427 3974 645 4037 uocabulorum
671 3971 905 4057 significationes
925 3973 1100 4050 deflectere,
1126 3973 1306 4052 omninoque
1387 3959 1388 3976 i

234 4073 399 4140 rhetoricae
420 4082 551 4160 argutiae
571 4081 745 4164 Empedocli
765 4101 830 4143 non
851 4079 975 4142 alienae.
1017 4077 1165 4162 Exempla
1183 4074 1306 4142 uidimus
