2814 4906
460 449 701 500 rmnosornu.
900 389 904 394 Ι
1056 445 1118 509 437

29 617 150 714 ὅμοια.
200 615 333 714 Lepide
360 617 460 690 sane!
492 617 542 690 At
570 615 667 690 idem
698 616 765 690 alio
791 616 865 690 looo
892 619 1117 718 Empedoclis

30 737 252 812 sententiam
273 735 379 810 talem
402 737 511 812 luisse
531 750 654 810 narrat
668 738 749 808 ²³⁶:
773 727 920 828 {odiri
941 740 1117 839 λεγόμενοι

31 861 95 936 ὑπ’
128 861 230 934 wirot
260 867 416 936 τοιοῦτον·
451 857 483 936 ἓν
512 860 555 957 τῇ
589 859 704 959 ὁμιλίᾳ
730 858 799 938 tart
824 863 885 956 uir
908 870 966 936 τοῦ
991 864 1116 962 ἄρ’ρεισι

31 983 173 1060 ἄπεισιν
206 983 225 1072 ἡ
256 981 387 1092 ἡμίσειαι
413 979 553 1080 septis,
578 978 667 1058 πάνυ
692 983 819 1080 σμικρὴ
843 987 899 1060 sat
923 983 1118 1076 ἀναίσθητοι

31 1107 118 1204 πρὸς
141 1099 307 1198 airinom,
330 1105 400 1182 alul
427 1104 465 1184 ds
487 1113 546 1181 τοῦ
573 1101 682 1196 θήλεος
703 1107 721 1195 tl
741 1107 883 1202 laiseis·
910 1107 1024 1206 ὁμοιως
1048 1109 1117 1188 ἀπὸ

32 1234 97 1320 τῆς
111 1232 260 1324 κεφαλῆς
271 1219 331 1302 rio
348 1229 473 1327 ἄρ’ῥεισι
484 1227 585 1325 ἥμισυ
605 1233 776 1325 κεφαλῆς,
794 1228 864 1306 tort
881 1227 917 1308 δὲ
933 1226 997 1308 σοῦ
1011 1231 1119 1322 θήλεις

34 1353 76 1428 τὸ
107 1349 229 1447 ἥμισυ,
255 1353 312 1427 aul
340 1351 456 1433 atram
484 1348 545 1428 ἐπὶ
571 1347 703 1428 πάντων
729 1357 791 1429 τῶν
817 1355 939 1454 piper,
971 1353 1118 1434 ἑκάστου

34 1479 163 1551 τούτων
185 1475 223 1550 ri
246 1477 307 1570 pls
333 1472 461 1571 ἥμισυ
486 1476 555 1551 barri
583 1481 641 1548 τοῦ
664 1474 852 1572 tillense,
875 1474 1117 1574 viriliores

36 1597 113 1673 ἀπὸ
129 1590 193 1672 σοῦ
212 1595 362 1687 θήλεσι.
407 1598 501 1672 llaec
517 1623 608 1676 cum
618 1597 830 1698 praegressis
842 1625 979 1698 parum
999 1602 1120 1678 conci·

36 1733 158 1794 nunt:
185 1719 289 1793 modo
311 1717 474 1795 videlicet
493 1719 598 1810 dicit,
618 1722 887 1820 praestantiores
910 1736 1028 1822 partes
1049 1724 1121 1818 (oa-

38 1854 128 1940 put,
148 1864 222 1934 cor,
249 1841 374 1939 hepar)
398 1869 418 1914 a
447 1840 623 1933 maribus,
646 1840 842 1918 deteriores
864 1843 1025 1941 (manns,
1051 1869 1122 1944 pe·

38 1963 119 2056 des)
139 1989 159 2036 a
181 1961 323 2037 feminis
338 1965 525 2062 proficisci,
543 1963 646 2039 modo
663 1991 807 2057 rursus,
826 1963 988 2038 dimidias
1005 1990 1123 2039 mem·

39 2082 193 2158 brorum
218 2085 381 2157 omnium
405 2098 522 2182 partes
544 2085 590 2158 ab
613 2087 686 2176 his,
709 2085 871 2160 dimidias
892 2085 939 2161 ab
960 2087 1029 2162 illis
1046 2088 1124 2163 ori-

40 2206 165 2303 ginem
182 2204 333 2278 trahere.
382 2205 613 2280 Manifestum
630 2205 820 2305 Philoponi
835 2205 923 2314 isaeo
938 2231 1013 2282 esse
1028 2233 1124 2283 oom-
1157 2199 1161 2205 ¹

41 2340 185 2418 menta,
210 2352 304 2426 quae
335 2341 379 2400 nt
410 2351 475 2425 pro
505 2325 750 2425 Empedoclen
779 2326 962 2403 venditare
990 2343 1124 2428 posset,

41 2448 164 2546 ipsum
196 2447 324 2534 saltem¹
352 2449 409 2522 sui
442 2473 637 2522 memorem
667 2473 743 2524 esse
765 2450 984 2548 oportuisset.
1034 2450 1124 2526 Inde

43 2571 127 2644 satis
151 2569 374 2667 intelligitur,
395 2568 645 2668 Empedoclem
670 2569 757 2644 haec
775 2571 945 2646 universe
961 2585 1126 2668 tantum,

43 2715 117 2762 non
151 2689 355 2788 singulatim
385 2691 548 2786 attigisse.
601 2690 792 2763 Caeterum
818 2690 1000 2784 videmus,
1028 2691 1126 2791 quod

45 2809 249 2884 Aristoteles
277 2809 543 2902 animadvertit,
565 2809 817 2910 Empedoclem
843 2813 920 2909 pari
943 2810 1047 2885 modo
1072 2814 1127 2888 fe·

46 2945 126 3004 tum
149 2931 188 3002 in
215 2946 319 3005 utero
342 2955 512 3030 generare
541 2943 651 3032 atque
677 2943 827 3003 naturae
844 2930 1023 3030 principio
1045 2957 1126 3004 oor·

46 3079 132 3152 pora
162 3052 202 3124 in
228 3065 345 3125 terrae
371 3052 504 3150 gremio
532 3051 762 3144 formaverat,
791 3051 936 3128 diversis
958 3050 1126 3125 membris

44 3176 83 3248 in
106 3201 227 3249 unum
254 3171 407 3247 conflatis
421 3181 503 3246 2³⁷.

94 3295 205 3390 Quod
229 3295 273 3369 ad
297 3295 443 3369 seminis
468 3308 636 3368 naturam
659 3297 802 3382 attinet,
826 3293 938 3368 exiis
962 3318 1057 3394 quae
1076 3292 1130 3366 di-

47 3421 169 3493 ximus
189 3416 410 3516 intelligitur,
436 3414 526 3488 illnd
549 3439 692 3489 omnem
712 3414 902 3488 animantis
921 3415 996 3487 vim
1017 3415 1132 3488 conti·

48 3567 153 3632 nere,
176 3553 284 3640 atquo
307 3537 394 3611 adeo
413 3563 459 3610 ex
479 3536 642 3611 omnibns
663 3537 819 3636 corporis
842 3532 1011 3609 membris
1031 3534 1140 3607 deri-·

48 3675 177 3735 ratum
199 3685 273 3756 esse
294 3673 331 3734 et
347 3657 651 3758 colliquefactum3
672 3682 767 3756 quae
785 3656 937 3732 aliorum
954 3656 1041 3728 item
1062 3680 1129 3730 ve-

49 3796 172 3856 terum
191 3781 418 3883 physicorum
437 3780 508 3853 fuit
524 3779 643 3878 opinio
657 3783 738 3851 ²³⁸.
789 3777 898 3851 Porro
916 3802 1035 3877 quum
1053 3775 1129 3849 foe·

82 3949 157 4018 (236)
174 3947 446 4020 Philomathiam,
463 3947 481 3997 f.
499 3948 528 3998 81
546 3948 571 3998 t.

83 4039 158 4104 (237)
174 4036 279 4089 mistos.
296 4038 388 4090 Gener.
404 4035 486 4088 Anim.
502 4037 531 4092 1,
554 4036 590 4086 so.
607 4051 632 4103 p.
649 4032 699 4086 ⁸05
716 4036 751 4088 ll.

84 4128 158 4194 (23³)
175 4129 209 4180 τὸ
226 4130 336 4196 σπέρμα
353 4128 407 4180 ἀπὸ
426 4129 531 4187 παντὸς
545 4127 670 4190 ἀπιέναι,
688 4125 720 4177 de
734 4141 786 4193 quo
798 4122 892 4192 placito
904 4119 1010 4174 consule
1023 4121 1127 4175 dsistot.

940 4209 1009 4284 30*
