2814 4906
284 393 352 482 '504
469 405 473 414 ’
682 408 729 454 ua
753 405 968 453 aurauoorrs

290 571 361 644 Hos
392 570 585 670 intelligere
620 570 762 645 videtur
794 572 921 667 partim
954 593 1042 668 quos
1076 565 1208 664 vulgus
1227 566 1327 638 uolebat

290 691 391 775 deos,
420 694 544 790 partim
568 717 657 791 quos
679 693 753 788 ipse
776 693 879 768 finxit
895 691 1034 790 genios,
1063 685 1174 759 rebus
1195 685 1324 760 humanis

289 811 513 887 moderandis
536 814 761 910 praepositos.
1260 799 1266 810 ’

282 1019 288 1034 .
337 934 431 1006 Talis
453 959 536 1008 vero
557 934 692 1030 opinio,
711 961 732 1004 a
753 931 959 1029 vulgaribus
978 934 1169 1028 poetarum
1185 953 1326 1001 oommen·

289 1057 333 1126 tis
360 1081 432 1126 non
464 1053 623 1126 multum
651 1051 804 1134 distans,
835 1051 1005 1125 humilior
1026 1075 1113 1122 sane
1136 1048 1325 1125 videaturne

287 1174 490 1272 philosopho
505 1199 633 1272 parum
650 1172 767 1270 digna.
819 1171 911 1246 Nam
929 1173 957 1244 si
973 1170 1095 1247 divina
1118 1183 1242 1242 natura
1255 1195 1324 1240 mor-

240 1323 245 1332 ·
288 1297 348 1368 tali
366 1295 462 1368 faece
484 1307 645 1367 concreta
666 1294 729 1385 sit,
751 1295 824 1390 ipsa
847 1317 993 1391 quoque
1014 1291 1219 1365 mortalium
1234 1315 1322 1362 rerum

183 1391 190 1416 i
287 1407 519 1488 vicissitudini
548 1429 585 1487 et
608 1416 688 1488 latis
707 1413 857 1486 obnoxia
878 1415 924 1485 sit
949 1437 1091 1486 necesse
1114 1426 1186 1504 est3
1206 1411 1281 1512 quod
1296 1412 1321 1480 ir

286 1535 381 1608 illius
411 1536 585 1606 sententia
608 1535 790 1632 vituperat
813 1535 934 1606 Cicero
960 1532 1081 1605 dicens
1096 1542 1130 1604 ⁵:
1157 1529 1321 1628 »Emporio-

285 1658 355 1729 cles
377 1656 415 1726 in
438 1655 596 1726 Deorum
616 1656 782 1752 opinione
809 1654 1012 1752 turpissime
1036 1651 1189 1727 labitur:
1207 1663 1316 1752 quatuor

286 1777 383 1848 enim
413 1787 578 1865 naturas,
618 1799 664 1847 ex
691 1774 824 1874 quibus
848 1775 966 1847 omnia
989 1788 1152 1846 onustare
1180 1771 1260 1860 vult,
1278 1767 1317 1838 ti-

285 1897 385 1970 vinas
412 1919 487 1968 esse
512 1909 651 1987 censet,
674 1922 763 1996 quaa
784 1911 822 1970 et
842 1898 938 1967 nasci
958 1909 995 1982 et
1016 1893 1197 1992 exstingui
1218 1888 1318 1988 perspi-

285 2041 397 2089 cuum
437 2028 491 2087 est
524 2030 560 2088 et
598 2041 706 2090 sensu
739 2018 836 2090 omni
865 2012 1019 2092 oarere.”
1070 2015 1146 2104 Qui
1174 2007 1317 2084 auteusir

285 2149 441 2228 statuats
463 2139 527 2208 etsi
550 2136 658 2212 verbo
686 2136 810 2209 Deum
831 2120 1029 2236 relinquat,
1053 2159 1179 2208 nonne
1197 2132 1263 2230 jure
1282 2141 1318 2196 ta·

285 2281 369 2330 men
404 2254 499 2338 illese
524 2255 730 2350 habendus,
760 2259 851 2330 sicut
882 2254 1115 2354 Empedocles
1138 2282 1158 2327 a
1182 2246 1316 2326 nonnulis

284 2378 425 2452 habitus
450 2375 558 2452 θεοῖό
620 2423 623 2428 -
656 2437 658 2442 .

239 2583 244 2592 ,
334 2497 380 2573 At
400 2516 537 2601 quanto
559 2501 612 2573 his
632 2501 862 2598 praeclariora
883 2518 987 2594 sunt,
1009 2527 1105 2602 quae
1123 2504 1197 2600 ipse
1215 2499 1245 2570 in
1261 2515 1313 2562 cat·

285 2623 381 2694 mine
401 2621 446 2694 de
465 2635 586 2694 mente
604 2619 726 2698 divina
746 2624 939 2719 praedicat,
961 2623 1098 2696 dicens:
1123 2624 1250 2696 »Deum
1264 2635 1312 2684 που

283 2767 373 2834 esse,
404 2757 446 2815 ut
474 2741 606 2840 vulgus
641 2745 830 2842 opinatur,
863 2746 1000 2818 mortali
1030 2769 1199 2846 compage
1227 2732 1315 2810 omli·

282 2878 384 2956 tum,
425 2889 546 2963 neque
586 2863 699 2937 oeulis
732 2863 942 2942 manibusve
974 2893 1074 2965 posse
1114 2861 1245 2960 attingi,
1275 2849 1315 2926 sel

282 2999 441 3059 mentem
477 3011 551 3058 esse
583 3012 712 3082 puram
739 3000 776 3062 et
800 2988 995 3080 infinitam,
1024 2988 1227 3063 universum
1241 2970 1315 3050 aeleri

281 3086 487 3206 cogitatione
510 3106 776 3204 permeantem’'
797 3112 829 3177 ⁷.
880 3107 975 3180 Haec
1004 3134 1089 3181 cum
1118 3094 1314 3204 superiotlltlls

254 3267 257 3277 ’
312 3262 352 3328 (5)
371 3264 461 3314 Cicero
480 3261 513 3313 de
530 3264 590 3314 Nat.
607 3263 637 3313 D.
657 3265 684 3323 1,
709 3279 744 3314 ra.

313 3351 354 3416 (6)
371 3353 464 3402 Sextus
490 3351 563 3419 Emp.
587 3351 645 3401 adv.
671 3352 751 3404 Math.
770 3355 825 3415 tx,
846 3355 896 3416 64,
921 3357 1104 3425 Empedoclem
1124 3355 1193 3426 ponit
1212 3351 1233 3400 iu
1252 3353 1313 3395 eorum

280 3456 389 3490 numero
407 3439 452 3510 qui
470 3443 541 3493 θεὸν
559 3441 758 3509 ἀπολείπουσι,
779 3445 794 3495 i.
807 3461 831 3495 e.
842 3444 925 3496 Deum
947 3463 1000 3498 esse
1020 3447 1150 3509 fatentur;
1166 3433 1314 3494 contraitur

230 3539 237 3552 ''
280 3529 343 3580 dicit
360 3529 478 3580 Clemens
495 3532 626 3599 Protrept.
645 3549 669 3600 p.
688 3533 719 3594 42
740 3535 773 3595 C,
789 3533 849 3589 ubi,
869 3535 1016 3586 memoratis
1033 3536 1178 3596 Heraclito,
1190 3521 1312 3583 Parmenide,

274 3618 347 3676 ullis.
374 3616 438 3668 haec
462 3618 525 3670 dicit
547 3617 579 3668 de
602 3621 771 3689 Empedoclea:
796 3623 997 3693 Ἐμπεδοκλῆς
1018 3629 1069 3695 γὰρ
1091 3627 1107 3677 ὁ
1126 3623 1313 3692 'Aequanum

281 3710 322 3764 εἷς
349 3708 459 3776 πλῆθος
482 3709 579 3778 imi)
599 3714 741 3777 luweouv,
764 3717 832 3783 πρὸς
853 3727 911 3775 τοῖς
931 3721 1063 3787 τέτταρσι
1083 3720 1220 3787 στοιχείοις
1238 3703 1313 3758 voltur

280 3801 384 3858 Νεῖκος
399 3803 446 3852 καὶ
462 3802 563 3854 Φιλιίιν
578 3809 807 3874 καταριθμεῖται·
822 3808 906 3862 ἄθεοι
919 3809 969 3874 μὲν
984 3813 1021 3878 δὴ
1037 3813 1084 3864 nal
1099 3800 1184 3871 οὗτοι,
1198 3805 1264 3865 σοφίᾳ
1274 3790 1309 3844 ml

280 3894 369 3960 ἀθόφῳ
394 3899 444 3962 τὴ*
468 3896 537 3963 th'r
562 3904 808 3965 πθῡσκυνὴσαντες·
844 3901 881 3954 Cl-
905 3902 1037 3970 Theophil.
1060 3902 1172 3956 Antioch.
1187 3884 1310 3948 adartolr·

281 4002 303 4050 p.
325 3985 379 4034 118.
397 3985 486 4036 colon,

316 4073 355 4138 (7)
373 4075 479 4141 Emped.
497 4093 544 4128 vas.
563 4076 682 4129 356-363.
