2800 4910
235 405 276 468 at
634 419 682 466 nn
704 419 922 468 nurnnoonn

233 599 335 660 catur
355 583 547 660 interclusa
568 585 767 684 respiratio,
787 613 861 686 qua
878 584 1025 685 spiritus
1043 583 1168 660 nullus
1185 598 1240 658 est
1254 597 1318 659 aut
1389 563 1390 600 l

233 707 321 782 adeo
346 706 523 807 exiguus,
546 721 590 780 ut
612 707 737 780 sentiri
763 719 938 807 nequeat:
966 709 1026 780 cui
1048 707 1141 780 analo
1164 707 1319 780 maxime
1390 753 1391 776 π

232 825 409 902 obnoxius
430 852 507 901 esse
532 827 666 901 dicitur
687 829 908 902 feminarum
931 854 1055 922 sexus,
1075 854 1203 903 earum
1224 851 1319 928 quae

232 948 342 1049 vulgo
368 951 537 1048 empna>
565 947 793 1048 appellantur
812 957 869 1022 ⁵⁹.
922 949 1055 1024 Fertur
1078 935 1189 1047 igitur
1214 949 1318 1046 Agri·
1391 942 1392 952 ’

232 1072 332 1168 genti
362 1070 476 1144 luisse
506 1067 640 1144 mulier
677 1069 875 1170 quaedam,
909 1069 1014 1170 cujus
1046 1073 1153 1146 etiam
1185 1095 1320 1144 nomen

232 1191 450 1288 meminere,
464 1235 511 1250 -
527 1192 747 1292 Hermippus
766 1190 963 1265 Pantheam
984 1191 1195 1292 appellatam
1211 1190 1320 1265 tradi·

231 1311 356 1406 dit⁶0‚
374 1340 533 1411 -quae
554 1340 621 1413 per
644 1312 846 1412 complures
866 1312 942 1388 dies
962 1315 1151 1387 continuos
1171 1313 1321 1412 (secun-

232 1433 323 1507 dum
342 1433 553 1536 Diogenem,
574 1434 735 1534 triginta3
755 1433 958 1508 secundum
977 1433 1137 1508 Plinium
1155 1433 1322 1533 probabi-

231 1555 321 1648 lius,
342 1558 494 1657 septem)
511 1557 550 1604 ⁶¹
574 1553 652 1629 sine
676 1553 909 1654 respiratione
925 1568 962 1629 et
978 1557 1192 1629 arteriarum
1210 1557 1321 1655 pulsu

231 1708 298 1759 rute,
316 1700 344 1750 in
361 1697 413 1750 hoo
431 1716 495 1752 vero
514 1698 621 1760 fallitur,
636 1696 716 1768 qnod,
726 1715 794 1767 quae
809 1698 948 1764 aDiogene
960 1699 1041 1750 relata
1051 1707 1122 1759 sunt,
1137 1715 1170 1750 ex
1178 1700 1323 1752 Heraclidis

233 1791 301 1844 libro
319 1795 386 1862 περὶ
403 1792 487 1844 νόσων
503 1788 596 1842 hausta
612 1796 695 1858 putat
714 1788 768 1840 Etsi
778 1787 914 1840 credamus
924 1787 1030 1858 quidem
1042 1786 1118 1858 (quid
1129 1770 1197 1840 enirn
1210 1789 1324 1858 obstari)

234 1883 397 1935 Heraclidem
408 1883 487 1935 etiam
497 1883 524 1933 in
535 1883 585 1932 hoo
595 1894 676 1949 opere
685 1876 717 1929 de
726 1894 757 1928 ea
766 1895 795 1929 re
805 1878 962 1930 mentionem
973 1877 1071 1933 secisse.
1078 1877 1224 1942 diligentior
1235 1888 1324 1933 tamen

232 1973 273 2025 rei
284 1972 552 2042 enarratioexposita
569 1976 626 2022 erat
644 1969 671 2019 in
683 1965 805 2033 singulari
815 1966 860 2017 illo
876 1968 944 2020 libro
957 1973 1023 2039 περὶ
1034 1977 1083 2039 τῆς
1092 1969 1192 2038 ἄπνου,
1208 1971 1279 2022 unde
1296 1981 1326 2024 et

232 2062 343 2115 Galenus
361 2069 392 2114 et
409 2060 505 2114 Plinius
526 2076 583 2113 rem
597 2058 720 2118 retulere,
739 2073 800 2108 cum
817 2058 931 2123 Diogene
943 2059 998 2113 lere
1010 2062 1207 2118 consentientes.
1229 2063 1325 2130 ltaque

232 2151 418 2213 statuendum,
444 2159 490 2203 aut
513 2151 653 2216 Diogenem
672 2147 810 2199 amborum
829 2146 958 2200 librorum
984 2150 1074 2202 titulos
1094 2149 1258 2210 consedisse,
1275 2158 1325 2202 aut

231 2244 366 2311 superiora
382 2241 487 2313 quidem
501 2241 553 2302 illa,
565 2255 632 2308 quae
643 2255 663 2290 ο.
677 2237 711 2288 6ο
724 2237 869 2299 scribitur.
882 2248 936 2291 not.
952 2241 1005 2307 62).
1018 2259 1051 2292 ex
1063 2259 1143 2310 opere
1158 2243 1224 2310 περὶ
1238 2241 1326 2293 νόσων

231 2331 360 2395 desumta,
371 2330 496 2402 reliquae
508 2330 576 2381 libro
588 2333 714 2399 περὶτῆς
726 2327 829 2392 ἄπνου,
839 2330 913 2396 eujus
931 2333 1088 2382 mentionem
1106 2331 1206 2382 incuria
1224 2332 1259 2383 ab
1275 2332 1324 2385 illo

232 2421 349 2473 omissam
368 2437 431 2475 esse.
458 2421 497 2475 Ob
513 2421 581 2473 lianc
600 2436 715 2473 caussam
732 2418 856 2488 aliasque,
874 2435 938 2488 quas
956 2428 1011 2471 not.
1027 2420 1057 2472 61
1072 2423 1186 2482 afferam,
1199 2421 1323 2491 equidem

231 2512 355 2580 auspicor,
375 2511 509 2562 Laertium
520 2527 577 2562 rem
593 2527 645 2562 nou
659 2527 691 2562 ex
702 2509 758 2578 ipso
770 2507 906 2560 Heraclide
918 2507 962 2559 sed
972 2499 1005 2560 ab
1016 2509 1071 2561 aliis
1084 2519 1236 2562 mutuatum
1246 2527 1321 2568 esse,

230 2601 338 2653 fortasse
354 2618 370 2652 a
387 2593 504 2661 Timaei,
521 2601 566 2670 qui
586 2599 694 2652 eandem
711 2597 889 2650 narrationem
904 2599 994 2649 retulit
1012 2599 1082 2668 apu'd
1098 2601 1184 2654 Ladrt
1199 2619 1220 2651 s.
1235 2616 1263 2664 71
1281 2617 1323 2672 sq.

231 2690 350 2742 Timaeus
367 2691 472 2761 quidem
487 2688 652 2743 Heraclidem
666 2687 703 2739 ibi
715 2696 745 2739 ut
756 2688 983 2757 παρασοεολόγον
994 2690 1176 2758 reprehendit,
1191 2688 1242 2742 hoe
1254 2708 1320 2746 rero

135 2821 137 2828 s
231 2795 284 2831 non
296 2778 330 2831 ad
347 2796 404 2832 eam
421 2797 477 2834 rem
491 2778 524 2831 de
540 2795 592 2848 qua
604 2793 674 2830 nunc
685 2777 800 2843 agimus,
813 2778 859 2831 sed
870 2779 906 2830 ad
919 2781 1097 2832 narrationem
1108 2778 1141 2831 de
1151 2779 1322 2852 Empedoclis

229 2877 314 2922 morte
331 2875 438 2938 spectat.
1310 2877 1313 2886 “

216 2959 220 2972 ”
263 2981 321 3051 (59)
334 2983 391 3034 vra.
404 2980 663 3052 attenuarentur
676 2978 741 3030 tin.
756 2963 907 3030 accuratius
920 2981 1031 3050 eapitur
1044 2986 1216 3054 sumpti.

263 3071 322 3140 (60)
339 3072 446 3138 Diogen.
459 3071 545 3122 laert.
560 3087 580 3121 s.
591 3069 640 3137 69:
651 3062 810 3140 Ἕρμνππος
828 3069 861 3122 δὲ
878 3074 954 3139 φησὶ,
965 3073 1112 3127 Πάνθειάν
1128 3097 1192 3130 τινα
1206 3077 1319 3150 Ἀκρα-

229 3167 374 3231 γαντίνην,
395 3161 603 3231 ἀπηλπισμένην
623 3163 679 3216 ὑπὸ
699 3166 753 3216 τῶν
776 3167 894 3245 1ἰοντρῶν,
912 3170 1092 3236 deportatione
1113 3169 1207 3222 αὐτόν.
1240 3173 1318 3224 Hane

228 3254 338 3308 eandem
354 3252 547 3320 intelligendam
563 3269 618 3306 esse
635 3261 715 3324 atque
732 3261 784 3325 τὴν
800 3257 913 3319 ἄπνουν,
929 3259 969 3310 rei
991 3260 1107 3312 narratio
1128 3263 1188 3328 satis
1207 3263 1300 3326 'arguit

261 3343 320 3410 (61)
337 3343 434 3394 Plinius
446 3342 463 3394 l.
474 3342 490 3392 l.
504 3343 629 3408 Diogenes
641 3361 660 3395 s.
670 3345 715 3416 61,
727 3351 800 3414 cujus
812 3350 874 3400 haec
885 3357 946 3400 sunt
958 3349 1038 3401 verba
1049 3370 1056 3403 a
1069 3357 1122 3420 τὴν
1133 3352 1319 3420 praetimore

227 3435 243 3485 ὃ
260 3431 443 3504 Ἡράκλειτος
458 3435 524 3502 φησὶ
540 3436 667 3486 τοιοῦτόν
683 3458 712 3488 τι
730 3435 818 3504 εἶναι,
840 3442 873 3501 ὡς
887 3445 1036 3512 τριάκοντα
1049 3449 1153 3517 ἡμέρας
1170 3459 1320 3518 συντηρεῖν

228 3527 333 3580 ἄπνουν
359 3531 407 3581 καὶ
431 3527 553 3595 ἄσηπτον
571 3531 603 3578 τὸ
619 3530 704 3591 σῶμα.
739 3533 937 3602 &compserunt
956 3535 1021 3588 haec
1040 3539 1130 3593 Suidas
1147 3543 1176 3594 in
1194 3542 1316 3610 ἄπνους,

227 3625 255 3670 et
273 3617 385 3685 Hesych.
399 3619 451 3670 Mil.
483 3619 533 3672 Pro
552 3617 740 3689 Ἠρακλείτος
755 3623 801 3690 leg.
822 3623 1020 3697 Ἡράκλονδης,
1038 3637 1069 3680 ut
1086 3632 1150 3683 vidit
1160 3635 1192 3686 Is.
1205 3635 1315 3687 casaub·

226 3707 349 3776 ἄσηπτον
365 3708 417 3764 rel,
442 3717 473 3760 ut
489 3707 538 3773 illi,
551 3711 644 3767 ἄσιτον
660 3705 817 3786 quamquam
833 3716 941 3786 intelligi
957 3729 1060 3790 potest,
1077 3728 1185 3780 tamen,
1203 3731 1313 3778 auctore

226 3801 334 3852 Hieron.
345 3801 503 3864 Mercuriali,
514 3806 668 3859 mutandum
677 3807 704 3857 in
716 3807 865 3873 ἄσφυκτον,
876 3809 946 3880 quod
956 3810 1035 3862 habet
1044 3809 1162 3875 Galenus,
1173 3819 1314 3869 utmonuit

225 3893 278 3957 jam
287 3888 418 3955 Menagius
428 3889 498 3942 otas.
508 3892 534 3943 in
548 3893 619 3962 Diog.
633 3897 722 3952 [εὸτι.
734 3900 762 3954 t.
773 3905 792 3963 l,
803 3919 822 3954 s.
837 3918 873 3954 ra.
884 3919 910 3970 p,
921 3917 944 3968 9.
957 3901 1040 3952 Porro
1050 3903 1200 3970 τρνᾶνοντυ
1208 3907 1315 3976 ἡμέρας

225 3977 398 4032 videturesse
414 3985 595 4050 παράκουσμα
606 3985 705 4041 [ιέτιίἱ
721 3997 748 4041 et
766 3991 921 4042 mutandum
937 3991 966 4042 in
980 3993 1067 4058 ἑπτά,
1084 4001 1114 4046 ut
1125 3995 1205 4049 habet
1213 3997 1313 4052 Plinius

226 4083 258 4120 ex
271 4068 361 4120 eodem
376 4071 513 4128 Heraclide
527 4077 643 4131 ductum.
670 4080 789 4150 Denique
805 4089 860 4133 tota
877 4080 957 4134 dictio
975 4083 1110 4138 obscurior
1125 4094 1179 4148 est,
1195 4095 1222 4140 et
1237 4087 1312 4142 facile

225 4158 322 4224 arguit,
342 4161 413 4230 quod
433 4164 510 4220 rnodo
527 4166 596 4232 dixi,
616 4170 756 4237 Diogenem
772 4188 824 4223 non
843 4187 875 4224 ex
892 4171 948 4241 ipso
965 4172 1118 4240 Heraclide,
1136 4177 1180 4230 red
1199 4193 1231 4232 ex
1244 4178 1311 4230 alio·
