2768 4910
236 427 298 489 466
628 437 676 482 nn
698 431 914 484 suannoems
1001 501 1003 507 s

237 607 297 690 τῆς
313 601 473 694 αὐξήσεως
495 598 572 677 strar
587 612 667 673 20⁵.
719 604 819 676 Hanc
838 601 885 676 ob
905 627 983 675 rem
1005 599 1191 676 Plutarchi
1209 595 1305 688 illud,

237 724 394 818 οὕξεοθοιι
415 723 450 802 cle
469 723 529 801 dela
548 727 602 815 τὴν
622 728 802 822 παρουσίαν
824 733 883 799 τοῦ
904 723 1033 821 θερμοῦ,
1055 747 1129 796 non
1147 721 1305 796 universe

238 849 283 921 ad
301 850 514 936 animantes,
534 847 595 920 sed
613 847 657 919 ad
674 847 827 944 plantas,
843 844 1051 945 praesertim
1069 843 1113 915 ad
1132 865 1306 914 ramorum
1368 889 1369 896 ο

237 971 521 1057 incrementum,
540 967 772 1042 referendum
795 981 884 1068 puto
897 969 977 1038 ²⁰⁶.
1014 1015 1018 1028 .

286 1088 546 1186 Explicuimus‚
565 1087 665 1161 unde
684 1113 741 1161 res
751 1090 963 1162 nutriantur
973 1101 1009 1161 et
1021 1099 1196 1177 crescant3
1214 1109 1307 1182 porro

239 1208 338 1309 quali
378 1207 481 1282 modo
521 1208 557 1281 id
587 1211 646 1282 liat
682 1209 948 1309 quaerendum:
981 1207 1079 1310 quod
1116 1205 1306 1279 declaratur

34 1413 36 1420 ¹
124 1331 125 1334 ’
237 1331 280 1402 iis
301 1353 395 1429 quae
417 1355 524 1428 supra
547 1330 593 1401 de
617 1331 712 1428 poris
734 1328 977 1404 disseruimus.
1015 1327 1186 1400 Vidimus
1201 1326 1306 1413 enirn,

238 1451 356 1523 omnia
397 1463 548 1522 naturae
586 1477 729 1549 corpora
763 1452 858 1548 poris
892 1450 1081 1543 instructa,
1112 1446 1221 1522 variis
1252 1471 1306 1544 pro

237 1573 333 1656 varia
358 1569 537 1670 cujusque
564 1572 677 1670 figura
704 1585 740 1644 et
760 1570 953 1670 temperie,
980 1568 1134 1643 vicissim
1160 1569 1248 1642 item
1269 1593 1305 1639 ex

235 1689 402 1764 omnibus
439 1691 645 1788 corporibus
682 1693 906 1765 tenuissimas
943 1690 1090 1766 effluere
1128 1687 1306 1789 particulas

236 1809 332 1910 poris
362 1811 428 1884 illis
462 1811 731 1910 respondentes:
768 1815 817 1886 ita
842 1814 934 1906 lieri,
958 1828 1001 1886 ut
1024 1808 1305 1911 unumquodque

237 1931 325 2005 tales
355 1933 391 2002 in
425 1957 462 2005 se
486 1933 634 2032 recipiat
659 1931 845 2031 ιἰοιορῤοοίς,
875 1934 999 2034 quales
1027 1933 1141 2033 ipsius
1165 1945 1305 2004 naturae
1372 1969 1373 1978 ι

236 2066 438 2151 congruant
454 2059 535 2127 ²0⁷.
585 2054 665 2127 Jam
691 2055 752 2128 tali
776 2057 911 2128 ratione
934 2057 991 2147 fit,
1015 2057 1122 2127 utin
1146 2051 1225 2126 cibo
1248 2077 1306 2124 sn-

235 2171 365 2246 mendo
400 2172 564 2272 singulae
600 2177 754 2274 eorporis
787 2191 905 2274 partes
939 2201 999 2249 eas
1033 2174 1077 2248 ad
1112 2199 1150 2247 se
1174 2172 1307 2247 trahant

235 2295 441 2392 particulas,
466 2321 560 2394 quse
584 2296 762 2396 cujusque
783 2298 877 2394 poris
896 2311 933 2370 et
954 2311 1105 2370 naturae
1122 2320 1306 2368 acoommo·
1373 2281 1374 2314 ³

236 2412 337 2488 datae
359 2417 446 2486 sint:
472 2441 590 2487 amara
609 2418 794 2514 rapiantur
813 2416 856 2489 ad
877 2443 1012 2506 amara,
1031 2415 1148 2488 dulcia
1169 2415 1217 2487 ad
1235 2413 1307 2487 dnl-

237 2535 308 2625 cia,
330 2549 523 2634 ceteraque
544 2535 716 2609 similiter.
767 2537 820 2609 lta
842 2537 1071 2612 Plutarchus:
1088 2579 1136 2594 -
1149 2534 1188 2627 ἒξ
1207 2535 1306 2631 ὅμοῖον

238 2652 472 2750 ἀναλαμβάνει
495 2657 533 2730 τὸ
554 2657 664 2733 οἰκεῖοι
688 2659 707 2748 ἡ
731 2655 853 2754 φύσις,
877 2661 935 2733 κιο)
955 2659 999 2738 εἷο
1024 2659 1079 2734 τὶν
1101 2661 1203 2756 ὄγκοι
1223 2659 1259 2757 (i.
1278 2681 1304 2728 e.

234 2780 278 2874 ο)
300 2779 412 2876 σῶμα)
435 2776 566 2855 αὐτόθεν
588 2782 606 2870 ι)
628 2781 759 2870 ποικίλη
782 2782 889 2877 τροφὲ)
910 2782 1042 2863 πολλὰς
1061 2779 1212 2877 persua
1227 2779 1307 2854 roel-

240 2929 342 2990 οητοος
360 2898 397 2993 ἔξ
417 2901 558 2995 ἑαυτῆς,
574 2901 711 3001 ἑκάστῳ
733 2907 822 3001 μέρει
840 2905 880 2978 τὸ
902 2904 1088 3002 πρόσφορον
1108 2901 1306 2990 οἰνοιδίδωοιι,

238 3025 324 3099 ὥστε
336 3023 559 3122 γίγνεσθαιτὸ
575 3035 633 3100 τοῦ
643 3024 916 3123 Ἐμπεδοκλέους,
930 3025 995 3108 »ὥς
1007 3027 1119 3126 γλυκὺ
1131 3031 1194 3124 μὲν
1207 3025 1307 3126 γλυκὺ

237 3145 376 3243 μάρπτε
396 3146 494 3222 κτλ.”
509 3152 573 3195 20⁸
1214 3130 1220 3140 ’

288 3268 397 3340 Porro
421 3267 674 3342 alimentorum
692 3271 862 3344 varietate
882 3270 973 3344 effici
994 3273 1084 3345 dixit
1103 3270 1217 3346 varios
1236 3294 1306 3342 suc·

273 3459 346 3526 (205)
366 3462 469 3512 Aristot.
493 3461 526 3512 de
548 3464 593 3512 An.
610 3460 625 3512 L
643 3460 660 3512 l.
677 3478 703 3530 p.
721 3462 770 3530 49⁰
788 3464 815 3514 C.

274 3550 347 3615 (006)
364 3549 404 3600 Cf.
413 3549 501 3617 paullo
510 3558 571 3600 ante
579 3558 634 3601 not.
647 3550 703 3601 003.
720 3551 759 3602 De
767 3551 861 3620 plantis
872 3553 939 3605 idem
948 3553 1010 3605 dicit
1022 3553 1262 3626 Prusruepsuv,
1272 3556 1304 3606 ad:

242 3641 379 3700 αὔξεσθαι
397 3639 429 3692 δὲ
446 3643 500 3692 ἀπὸ
517 3643 567 3693 τοῦ
586 3643 614 3692 iv
631 3647 666 3710 τῇ
680 3647 717 3710 γῇ
729 3645 840 3712 θερμοῦ
854 3647 1056 3714 διαιρουμένου.
1092 3644 1140 3698 Ubi
1157 3662 1205 3715 pro
1222 3645 1305 3700 vitioso

242 3737 436 3804 διαιρουμένου
457 3736 525 3801 legas
543 3736 776 3804 διαραιουμέιου,
802 3725 969 3788 σοιοιιιιιιιοοίο
984 3755 1013 3787 aa
1030 3744 1057 3787 st
1073 3737 1253 3803 diffundentis,
1269 3731 1304 3784 rel

241 3828 466 3896 διαραιοομέοοιι,
486 3827 660 3888 scaturientis,
671 3827 804 3894 effluentis.

274 3920 346 3985 (007)
364 3917 421 3970 vid.
440 3933 526 3986 supra.
544 3933 568 3985 p.
586 3916 643 3984 397.

274 4008 348 4074 (008)
365 4005 422 4058 vid,
441 4007 546 4074 Empsd
568 4021 617 4057 ros.
637 4006 685 4058 ass
701 4025 740 4077 sq·
761 4006 806 4076 qui
818 4007 851 4059 ad
868 4007 1017 4060 alimentum
1032 4012 1165 4074 spectant;
1187 4003 1229 4056 ubi
1248 4000 1303 4054 rtu-

241 4095 324 4151 tarchi
343 4095 429 4148 locum
449 4095 556 4148 citatum
574 4095 695 4150 iuvenies.
