2814 4906
476 424 714 472 rumosorrns.
1069 416 1133 480 tto

48 590 170 690 (apud
195 616 285 690 quos
313 573 483 686 magnum
511 589 734 686 Empedoclis
760 593 924 686 nomen),
948 591 1013 692 qui
1036 593 1133 670 illius

50 713 186 810 placita
213 712 255 784 ad
284 737 386 784 suam
410 711 631 788 sententiam,
647 711 998 788 accommodaverim.

104 837 226 906 Etiam
251 832 294 906 de
311 833 460 932 geminis
479 858 519 903 ac
545 833 766 930 tergeminis,
789 833 963 932 quomodo
981 835 1132 933 gignun-

50 973 130 1047 tur,
162 957 285 1054 opinio
316 955 394 1053 ejus
428 954 619 1053 profertur.
667 955 892 1051 Ἐμπεδοκλῆς
919 953 1045 1050 δίδυμαι
1076 960 1134 1032 sul

51 1077 205 1177 τρίδυμοι
230 1076 375 1179 γίνεσθαι
398 1077 490 1152 rure
514 1079 722 1172 πλεονασμὸν
746 1081 802 1154 και)
828 1080 1053 1178 περισχισμὸν
1075 1089 1147 1154 rod

52 1205 272 1301 σπέρματος,
298 1204 321 1274 i.
348 1229 379 1275 e.
408 1200 542 1274 semine
566 1198 732 1276 affluente
756 1205 852 1276 etin
879 1217 995 1300 partes
1019 1206 1132 1278 scissa.

54 1326 110 1400 Ita
148 1323 362 1398 Plutarchus
384 1334 466 1415 2⁵4,
501 1347 585 1396 cum
615 1348 687 1423 quo
719 1323 874 1398 concinit
906 1325 1137 1418 Censorinus,

54 1451 124 1550 qui
155 1447 267 1539 addit,
301 1471 388 1520 eum
421 1465 559 1534 causas,
589 1471 654 1518 cur
686 1445 867 1522 dividatur
895 1472 1036 1538 semen,
1064 1474 1136 1520 non

57 1595 290 1660 memorasse,
325 1583 490 1641 stantum
520 1567 624 1642 modo
654 1569 722 1653 ait,
753 1569 782 1640 si
812 1581 1011 1668 utrumque
1040 1567 1137 1642 sedes

56 1717 176 1792 aeque
205 1690 337 1763 calidas
361 1691 605 1787 occupaverit,
639 1703 839 1790 utrumque
864 1714 1000 1762 marem
1022 1692 1133 1782 nasci,

56 1814 84 1884 si
114 1811 260 1910 frigidas
288 1835 418 1910 aeque,
443 1824 636 1910 utramque
660 1812 848 1905 feminam3
872 1813 902 1884 si
934 1837 1017 1888 vero
1045 1810 1138 1883 alte-

57 1959 146 2004 rum
177 1930 394 2021 calidiorem,
430 1931 582 2004 alterum
617 1931 849 2030 frigidiorem,
886 1933 1016 2032 dispari
1048 1959 1138 2006 sexu

55 2067 204 2150 partum
225 2051 505 2125 futurum’'2⁵⁵.
548 2054 678 2127 Sedes
703 2053 866 2127 calidas
890 2069 931 2126 et
954 2054 1139 2152 frigidas

57 2174 213 2272 appellat
245 2175 340 2246 uteri
373 2174 475 2248 locos.
530 2175 734 2248 Concinunt
764 2174 850 2248 hacc
879 2201 1035 2274 prorsus·
1052 2201 1137 2250 cum

58 2294 282 2391 Empedoclis
306 2294 405 2370 dictis
430 2297 475 2370 de
493 2296 630 2372 diverso
652 2297 757 2370 maris
776 2324 816 2370 ac
836 2297 991 2369 feminac
1016 2311 1138 2393 partu,

57 2443 153 2514 quae
183 2445 287 2515 supra
319 2418 571 2516 explicuimus:
599 2421 762 2518 quocirca
785 2419 853 2492 nisi
875 2421 950 2517 ipse
974 2417 1011 2490 id
1032 2417 1137 2492 dixe·
1195 2452 1196 2457 ¹

59 2541 121 2629 rit,
145 2539 244 2612 alteri
266 2555 386 2612 tamen
412 2541 543 2613 dicenti
568 2544 714 2614 omnino
736 2543 895 2614 assentiri
917 2554 1112 2641 cogeretur.

107 2662 274 2759 Denique
295 2660 339 2733 de
360 2664 590 2736 monstruosis
607 2663 768 2761 partibus
786 2664 957 2762 placitum
975 2663 1052 2764 ejus
1069 2662 1136 2736 hoc
1190 2707 1192 2715 ·

58 2797 278 2854 memoratur
294 2792 333 2834 2⁵
342 2786 359 2828 ⁶
364 2809 372 2853 :
393 2781 616 2878 Ἐμπεδοκλῆς
629 2801 754 2882 reparo
768 2783 913 2884 γίνεσθαι
928 2785 1021 2883 rapit
1033 2797 1135 2860 πλει-

58 2907 184 3001 νιισμὶιν
201 2905 393 3004 σπέρματος
409 2903 428 2996 ll
444 2905 521 3002 παρ’
538 2903 703 3000 ἔλλειψιν,
719 2906 737 3000 ἢ
751 2905 1134 3005 repercussiones

61 3027 186 3129 ιἰρχιίν,
199 3029 220 3072 *
234 3028 252 3121 ἢ
268 3027 361 3126 παρὰ
372 3029 426 3118 τὴν
439 3030 483 3109 εἷς
498 3031 598 3105 πλείω
615 3027 762 3127 διαίρεσιν
775 3029 794 3123 ἢ
805 3031 898 3130 παρὰ
909 3034 947 3106 τὸ
959 3031 1134 3108 ἀπονεύειν.

92 3212 169 3276 (254)
186 3211 316 3264 Plutarch.
327 3212 393 3264 Plac.
404 3213 466 3281 phil.
475 3214 506 3274 V,
520 3229 559 3264 ιο.
568 3213 655 3264 Galen.
667 3215 779 3268 XXXII.
794 3216 887 3281 Tangit
897 3215 963 3266 lianc
974 3215 1132 3284 opinionem,

59 3304 109 3356 etsi
123 3317 176 3352 non
189 3300 324 3354 nominans
335 3310 482 3363 auctorem,
493 3303 641 3355 Aristotcles
651 3303 684 3355 de
698 3307 758 3356 Gen.
769 3305 848 3357 luins.
860 3306 905 3366 tv,
916 3306 940 3366 ίι.
954 3322 979 3373 p.
991 3303 1040 3358 855
1052 3307 1072 3358 G
1077 3341 1085 3365 ‚
1098 3323 1135 3376 sq.

92 3390 168 3458 (255)
185 3391 314 3443 censorin.
333 3391 365 3442 dc
381 3392 429 3442 Die
440 3395 503 3448 Nat.
520 3409 542 3446 c.
559 3395 610 3457 vt,
629 3411 655 3462 p.
672 3393 712 3445 30.
758 3407 766 3416 ·

93 3481 168 3548 (256)
186 3481 316 3532 Plutarch.
338 3481 404 3531 Plac.
425 3481 489 3549 phil.
509 3483 539 3548 V,
557 3487 587 3548 83
607 3484 691 3536 Galen.
710 3483 814 3538 ibidem.

94 3574 137 3638 (a)
156 3577 207 3641 τὴν
225 3580 275 3642 τῆς
291 3562 417 3640 κινήσεως
432 3575 520 3642 ἀρχήν
536 3581 689 3642 corruptum
704 3576 841 3628 ridebatur
859 3577 966 3628 Coruino
981 3575 1138 3639 etlteislrio,

61 3680 175 3732 quorum
194 3665 259 3716 alter
277 3668 383 3732 corrigit
401 3672 525 3735 κινήσεως
540 3669 656 3737 ἀργίαν,
676 3665 758 3716 motdr
774 3668 907 3732 nequitiem
923 3684 941 3717 s.
960 3667 1082 3717 inertium
1099 3682 1138 3718 se·

64 3752 153 3816 minis3
177 3753 243 3806 alter
260 3761 387 3824 κινήσεως
405 3764 546 3830 ταραχήν,
566 3757 646 3809 motrls
667 3757 856 3807 turbulentiam.
892 3755 1015 3822 Frustra,
1032 3764 1061 3808 ut
1077 3755 1140 3806 milti

65 3843 179 3896 videtur.
197 3852 322 3917 ιιννήσιως
337 3853 409 3921 ἀρχὴ
426 3852 505 3906 intell„
525 3855 597 3922 ἀρχὴ
614 3856 663 3918 τῆς
676 3852 838 3916 γεννητικῆς
855 3852 981 3914 κινήσεως
987 3885 998 3911 ,
1014 3855 1045 3899 ut
1063 3855 1139 3898 vocat

67 3941 215 3996 Aristoteles
234 3946 296 3997 Gen.
313 3948 396 3998 llnim.
413 3950 459 4008 IV,
477 3948 501 4009 4.
517 3964 542 4016 p.
556 3946 610 4008 sot
626 3948 663 4005 E,
683 3941 764 3994 motata
782 3943 871 3992 vitalis
890 3941 1053 4008 principium.
1075 3937 1141 3988 Gou-

68 4031 170 4085 cinnior
187 4035 291 4104 quidem
303 4035 391 4088 suisset
409 4037 503 4100 dictio,
521 4037 541 4086 si
555 4034 618 4088 haec
632 4033 708 4086 rerba
724 4031 814 4083 nonin
825 4030 911 4082 medio
921 4028 1085 4097 interposita,
1096 4025 1141 4078 sed

68 4122 94 4172 in
108 4123 159 4176 fine
171 4123 270 4192 adjecta
281 4123 401 4189 luissent,
414 4127 458 4180 sed
474 4125 650 4194 concinnitatis
668 4125 695 4176 in
711 4125 760 4174 hoc
776 4121 864 4173 libello
875 4120 941 4171 ratio
951 4133 1003 4170 noo
1015 4114 1141 4171 habenda.
