2768 4910
544 772 565 856 ι
586 773 641 836 rr.

91 1038 148 1111 De
162 1039 380 1136 plantarum
400 1049 436 1110 et
456 1038 676 1110 animalium
697 1048 779 1109 ortu
800 1061 846 1108 oc
856 1035 1095 1136 formatione.

107 1206 337 1282 Veniendum
356 1207 465 1307 igitur
481 1207 526 1282 ad
542 1207 671 1280 mollio
688 1219 805 1280 terroe
821 1232 941 1294 arvo,
960 1231 982 1280 e
999 1205 1132 1307 quibus

69 1343 103 1404 ut
115 1356 134 1404 e
146 1329 322 1404 fecundae
337 1331 458 1404 matris
468 1330 601 1428 gremio
610 1353 734 1402 omnes
744 1340 894 1400 naturae
906 1352 972 1420 res,
983 1327 1131 1426 plantas,

67 1449 199 1544 bestias,
215 1451 394 1544 homines,
410 1465 487 1524 orta
506 1475 591 1543 esse,
609 1447 808 1521 communis
825 1445 901 1520 iere
920 1446 991 1520 fuit
1008 1462 1133 1522 vetus·

68 1573 137 1646 tatis
158 1572 297 1672 opinio,
322 1599 433 1674 quam
451 1568 682 1670 Empedocles
702 1593 849 1668 quoque
871 1567 999 1640 tenuit.
1050 1569 1134 1661 Quo

67 1707 178 1766 autem
215 1693 342 1768 ordine
376 1708 412 1768 et
444 1719 518 1794 qua
554 1692 691 1764 ratione
721 1691 816 1764 varia
847 1713 972 1763 rerum
1003 1711 1132 1786 genera
1229 1780 1232 1786 .

68 1830 236 1912 procreata
268 1816 432 1908 finxerit,
467 1810 698 1888 declarabunt
722 1810 879 1884 Lucretii
903 1834 1047 1904 versus,
1069 1808 1134 1908 qui

69 1935 100 2005 in
124 1935 188 2010 hoc
216 1933 444 2036 Empedoclis
469 1932 617 2033 vestigia
640 1931 735 2030 legit.
786 1931 840 2004 Ita
864 1929 941 2004 ille:

137 2099 287 2188 Principio
309 2124 403 2186 genus
419 2099 582 2162 herbarum
605 2097 789 2180 viridemque
808 2096 939 2158 nitorem

137 2213 222 2272 Terra
247 2209 330 2272 dedit
356 2209 471 2270 'circum
496 2205 604 2268 collese
631 2237 672 2252 -

138 2317 173 2377 Ut
191 2316 301 2400 pluma
321 2325 410 2400 utque
429 2312 501 2397 pilei
520 2310 653 2394 primum
670 2318 807 2393 setaeque
828 2318 968 2370 creantur

139 2419 376 2505 Quadrupedum
397 2416 538 2480 membris
555 2425 585 2476 et
607 2435 731 2497 corpore
754 2414 1023 2498 pennipotentum,

140 2527 184 2588 sic
205 2525 371 2589 novatum
394 2523 483 2586 tellus
506 2519 614 2584 herbas
634 2518 821 2604 virgultaque
840 2519 973 2603 primum

139 2633 274 2695 Sustulit·
295 2663 336 2679 -
361 2631 400 2678 1⁶
407 2640 426 2682 4

73 2779 224 2858 Similiter
252 2784 484 2886 Empedocles
507 2789 639 2888 primas
663 2790 826 2864 omniurn
851 2814 975 2863 rerum
1001 2789 1139 2890 plantas

73 2916 103 2974 et
122 2905 260 2981 arbores
283 2922 423 3010 eterra
440 2922 540 2985 natas
556 2911 699 3004 cecinit,
722 2911 823 3008 prius
840 2911 945 2983 etiam
962 2937 1074 3010 quam
1089 2913 1139 2987 sol

74 3023 245 3122 illuxisset,
261 3043 305 3102 ut
319 3029 425 3102 tradit
442 3030 656 3106 Plutarchus
672 3033 750 3101 ¹⁶⁵:
776 3029 1006 3128 Ἐμπεδοκλῆς
1023 3037 1139 3132 πρῶτοι

75 3151 126 3221 τῶν
144 3149 226 3245 {dor
250 3151 297 3226 rit
320 3148 434 3252 diripe
456 3150 494 3228 ἓιι
514 3156 577 3252 γῆς
598 3149 753 3229 ιἰιιιδῦιιιά
768 3159 874 3250 φησι,
889 3156 963 3254 rpir
979 3155 1034 3230 τὸν
1052 3154 1139 3246 ἥλιον

75 3271 318 3366 περιαπλωθῆναι
334 3275 415 3366 ¹⁶⁶,
444 3275 502 3350 aul
530 3276 604 3374 πρὶν
633 3275 752 3374 ἡμέραν
777 3278 833 3351 rel
856 3281 958 3352 νόιιτιι
979 3274 1140 3376 diuendi-

103 3491 171 3557 (164)
188 3492 291 3544 lucret.
305 3494 334 3555 V,
354 3492 473 3560 pir-789.
504 3489 587 3541 Etiam
599 3489 769 3558 Empedocles
785 3489 843 3560 ipsc
857 3489 961 3562 frondes
972 3507 1032 3542 cum
1044 3491 1139 3561 plumis

77 3585 99 3628 et
113 3581 165 3647 pilis
181 3590 315 3654 comparat
331 3599 368 3634 vs.
386 3582 442 3632 223.

104 3670 169 3736 (165)
185 3673 313 3726 Plutarch.
332 3671 399 3724 Plac.
410 3669 474 3740 phil.
489 3671 520 3733 V,
532 3669 578 3733 263
590 3669 675 3721 Galen.
687 3669 751 3720 nist.
763 3668 824 3738 phil.
836 3669 988 3722 xxxviii.
1022 3669 1140 3722 Meminit

77 3772 168 3830 quoque
177 3761 254 3830 hujus
263 3761 352 3830 placiti
363 3761 467 3814 Tzetzes
479 3761 505 3811 in
517 3760 619 3812 Hesiod.
633 3759 716 3830 Ἐργ.
734 3782 764 3828 o,
779 3777 806 3829 p.
818 3761 851 3822 [ιο
864 3777 889 3812 a.
900 3759 986 3818 licius.
1019 3757 1140 3812 Similiter

68 3845 98 3895 lu
112 3850 198 3912 Genesi
209 3853 235 3916 Ι,
253 3869 289 3906 vs.
308 3867 345 3914 ιι,
360 3850 484 3904 traditur.
514 3850 671 3920 Porphyrius
681 3852 713 3904 de
723 3853 820 3904 Abstin.
830 3853 869 3909 11.
880 3847 905 3908 5,
920 3857 1043 3917 tunquam
1051 3855 1141 3900 notam

77 3937 210 4004 opinionem
226 3943 276 3994 hoc
290 3945 380 3996 offert:
400 3943 509 4012 δένδρα
525 3941 575 4007 μὲν
592 3945 644 4012 γὰρ
664 3946 701 4012 δὴ
722 3945 776 4014 πρὸ
796 3941 872 4010 ζώων
889 3941 1027 3992 ἀνέδωκεν
1046 3941 1063 4006 ᾖ
1079 3946 1124 4008 γῆ.

104 4031 172 4098 (166)
188 4034 523 4104 περιαπλωθῆναιῌιειι.
530 4033 705 4103 drictum)
713 4033 758 4086 ie.
766 4033 918 4102 priusquam
926 4030 1142 4096 cirron(terruur)

78 4117 109 4164 ot
119 4121 194 4174 tumeo
207 4143 278 4180 ιιιιιιιι
289 4129 422 4195 pandect·
437 4126 503 4179 sicut
513 4127 683 4194 praepondero
691 4120 961 4180 inanescunttoini
970 4123 1070 4190 poetae.
1103 4122 1142 4172 lta
