2856 4910
529 395 702 445 certmst.

96 567 136 639 ihi
156 587 217 639 nec
239 565 321 638 solie
340 581 500 640 coruscat
521 561 708 664 splendida
736 560 860 651 facies,

95 713 151 764 nec
172 710 254 762 vero
277 693 393 760 terrae
414 685 557 784 (exstat)
580 683 762 758 hirsutum
785 701 916 780 eorpus
938 701 1059 780 neque
1083 705 1192 774 mere.

93 1171 255 1270 (Quatuor
278 1195 402 1246 rerum
426 1169 592 1258 omniu-m
615 1163 749 1240 radices
771 1166 932 1266 primum
956 1167 1061 1242 audi:

50 1290 83 1390 75.
93 1294 196 1391 ignem
220 1305 257 1368 et
282 1318 414 1394 aquam
437 1303 643 1390 terramque
667 1289 959 1390 immensumque
983 1289 1147 1366 aethera:

92 1439 127 1486 ax
140 1412 190 1488 his
205 1415 305 1490 enim
321 1427 408 1507 orta,
423 1435 677 1513 quaecumque
694 1425 781 1483 sunt
799 1423 836 1484 et
854 1409 1009 1486 fuerunt
1021 1413 1231 1513 eruntque.)

348 1951 352 1957 .
467 1911 492 1980 (r
511 1922 582 1959 arua
598 1908 768 1977 ruamur.)

39 2155 41 2250 ᾗ
96 2137 184 2212 Aliud
200 2165 292 2216 vero
310 2138 375 2214 tibi
392 2137 525 2212 dicem:
544 2162 613 2212 nec
626 2150 727 2212 ortus
738 2136 912 2212 naturalis
922 2149 977 2212 est
986 2137 1097 2212 ullius
1109 2163 1232 2214 rerum

39 2253 40 2300 ³
93 2260 300 2356 mortalium,
323 2285 391 2336 nec
411 2259 575 2334 funestae
596 2259 720 2332 mortis
743 2259 912 2352 exitium,

38 2385 40 2436 3
92 2381 140 2454 aad
160 2407 234 2456 non
254 2379 326 2454 nisi
347 2381 464 2454 mistio
484 2393 521 2454 et
541 2378 733 2454 mistorum
754 2379 948 2482 dissipatiot

38 2497 134 2576 ‘dahis
151 2517 275 2580 autern
297 2515 449 2577 naturae
471 2527 605 2608 nomen
627 2501 840 2580 indiderunt
859 2502 1035 2580 homines.

90 2992 127 3063 Et
146 3016 165 3064 e
185 3017 263 3067 non
288 3005 373 3066 ente
395 2992 637 3089 incongruum
659 3004 713 3065 est
734 2991 935 3096 quidquam
956 2992 1078 3086 oriri,-

91 3127 120 3184 et
142 3140 204 3187 ens
227 3110 379 3186 interire
403 3109 578 3185 absonum
602 3111 876 3214 absurdumque
900 3129 971 3189 est:

38 3251 39 3318 j
89 3258 213 3335 semper
226 3234 337 3310 enim
357 3231 504 3308 stabunt
526 3259 759 3335 quacumque
779 3236 918 3316 ratione
941 3241 1023 3341 quis
1048 3255 1183 3340 urgeat.

38 3825 135 3889 *Gener
148 3849 174 3892 et
193 3842 277 3892 Inter.
295 3842 323 3898 1,
341 3837 359 3890 s.
378 3838 394 3902 d
413 3843 447 3902 t;
465 3839 533 3891 idem
546 3839 694 3910 MetapM.
712 3847 740 3896 18
755 3847 779 3896 Β.
813 3845 856 3896 Vs.
870 3858 902 3912 79
915 3851 1024 3910 tangunt
1040 3844 1188 3904 Aristoteles
1199 3845 1234 3898 de

38 3915 77 3969 dw-
90 3934 111 3976 rt
126 3929 194 3981 corr.
214 3932 258 3989 11.
275 3931 298 3981 6.
316 3945 340 3999 p.
360 3929 410 3992 404
426 3929 464 3993 G;
482 3928 643 4000 Philoponua
657 3932 693 3984 de
708 3933 773 3986 Gerr.
790 3942 818 3986 et
830 3935 883 3986 Irrt.
896 3933 914 3984 l.
926 3933 943 3985 l.
957 3933 1101 4004 Simplicius
1111 3933 1187 4002 Phys.
1201 3939 1233 4001 1,

38 4001 122 4079 dtis,
139 4017 171 4088 ³9
191 4017 277 4081 tuta
299 4021 331 4082 r;
351 4005 406 4071 itit.

38 4121 40 4136 ’
62 4100 99 4152 vu·
115 4107 200 4162 tres:
221 4109 254 4162 t·
272 4131 304 4164 aa
322 4115 360 4180 μὴ
377 4110 456 4172 ὄντος
472 4135 512 4156 ι-
523 4111 639 4184 tettan.)
672 4111 822 4167 Aristotelea
839 4113 873 4166 de
892 4113 924 4165 X.
940 4113 970 4168 Ζ.
988 4113 1050 4166 ὥσ.
1062 4125 1092 4176 23
1103 4130 1129 4183 p.
1143 4115 1191 4181 94⁰
1203 4115 1233 4166 B.
