2814 4906
279 393 343 456 480
515 409 521 418 ι
677 409 725 454 on
746 407 962 458 nursnocms

279 596 372 646 mus.
420 570 510 644 Inde
539 584 661 646 autem
691 574 798 647 simul
828 574 1014 664 discimus,
1041 601 1137 676 quae
1165 603 1290 653 caussa
1314 584 1348 654 sit

278 717 345 766 our
364 692 507 792 sanguis
529 715 672 768 sursum
696 693 866 792 prosiliat:
891 695 970 768 ideo
993 695 1175 792 videlicet,
1197 701 1301 799 quod
1319 706 1347 778 ri

279 817 429 912 ἔμφυτον
457 809 568 911 θερμὸν
593 816 685 906 sive,
717 831 761 889 ut
791 815 1028 916 Empedocleo
1054 818 1230 896 vocabulo
1262 837 1346 915 utar,

275 937 316 1012 τι
349 936 492 1035 ὠγύγιον
524 945 587 1034 πῦρ
603 938 686 1030 ²⁷⁶,
713 936 811 1038 quod
842 939 881 1010 in
919 939 1094 1038 sanguine
1124 940 1240 1034 inest,
1271 945 1346 1018 foras

244 1071 483 1158 prorumpat
513 1057 558 1131 ad
587 1059 643 1132 sui
672 1058 785 1132 simile
817 1058 977 1132 tendens.
1023 1061 1254 1161 Empedoclis
1273 1091 1346 1140 sen·
1391 1117 1393 1147 ι

273 1181 420 1254 tentiam
445 1179 608 1279 seqmtur
635 1179 712 1254 fere
735 1178 851 1271 Plato,
878 1181 943 1280 qui
969 1181 1056 1254 item
1082 1184 1267 1281 reciproed
1295 1215 1343 1260 or-

272 1302 354 1375 loris
374 1298 454 1399 (qui
474 1301 512 1373 in
538 1303 711 1402 sanguine
735 1300 839 1396 inest)
864 1316 901 1374 et
924 1303 1013 1376 ae'ris
1039 1306 1195 1380 motione
1223 1323 1263 1381 et
1285 1311 1341 1382 cir-

273 1436 442 1497 cumactu
466 1421 734 1522 respirationem
756 1423 945 1516 contineri,
967 1426 1053 1497 item
1077 1431 1197 1500 adrem
1221 1430 1341 1503 intrare

273 1557 394 1618 censet
423 1569 496 1617 non
528 1569 592 1642 per
621 1570 778 1618 vacuum
800 1544 861 1618 sed
883 1572 947 1644 per
973 1573 1075 1645 poros
1095 1548 1191 1643 sive,
1214 1565 1262 1624 ut
1282 1553 1340 1648 ipse

270 1666 374 1757 dicit,
401 1664 461 1744 latr
484 1670 672 1763 periuriis
698 1671 843 1765 σαρκῶν,
865 1693 959 1768 quae
983 1667 1108 1742 eadem
1132 1684 1225 1742 sunt
1250 1685 1340 1770 atque

272 1793 428 1888 λὶφαιμοι
467 1794 591 1888 σαρκῶν
623 1796 785 1890 σύριγγες
817 1789 1051 1888 Empedoclis.
1120 1792 1338 1893 Quamquam

273 1912 373 1986 Plato
408 1937 482 1985 non
517 1912 705 2008 universe,
737 1927 782 1987 ut
809 1911 890 2004 ille,
915 1911 978 1986 sod
1005 1910 1211 2012 singulatim
1239 1913 1337 1986 omnia

274 2035 415 2135 attingit
436 2047 473 2108 et
495 2033 670 2108 subtiliter
692 2035 921 2135 persequitur
935 2040 1015 2104 2⁷⁷.
1092 2091 1095 2098 .

322 2157 404 2232 Post
444 2160 710 2259 respirationem
751 2169 923 2256 sequatur
960 2169 1004 2230 ut
1043 2153 1090 2228 de
1135 2154 1337 2228 alimento

273 2278 452 2372 dicamus,
476 2280 573 2380 quod
594 2275 826 2375 Empedocles
844 2282 963 2376 posuit
983 2279 1021 2350 in
1044 2303 1086 2350 eo
1109 2276 1208 2377 quod
1232 2277 1336 2350 similia

274 2399 317 2472 ad
351 2425 388 2474 se
420 2401 564 2476 trahant
595 2398 731 2472 similia.
780 2398 848 2472 Sed
881 2398 926 2472 de
949 2398 1015 2472 hoc
1035 2403 1152 2498 quum
1174 2425 1280 2498 supra
1302 2394 1336 2468 sit

273 2525 488 2626 expositum,
509 2525 691 2624 pergimus
716 2521 759 2596 ad
784 2549 919 2598 sensus.

639 2905 642 2909 -
764 2865 861 2947 §³4-

332 3129 396 3202 De
419 3129 605 3202 sensibus:
625 3125 779 3200 odoratu
783 3180 799 3214 ‚
819 3139 991 3225 gustatu,
1011 3125 1166 3214 auditu,
1185 3125 1264 3198 visu
1273 3175 1286 3208 ,
1390 3185 1391 3210 r

418 3362 419 3367 Ἰ
464 3275 642 3372 rebusque
668 3269 721 3344 ad
741 3257 861 3344 visum
879 3271 1159 3368 pertinentibus.

321 3495 374 3568 De
399 3517 534 3566 sensu
562 3489 651 3591 quid
674 3490 842 3564 universe
866 3487 1076 3589 judicaverit
1099 3482 1332 3583 Empedocles,

271 3626 408 3688 tactum
439 3642 461 3687 a
495 3611 614 3703 nobis,
652 3608 717 3686 ubi
753 3610 798 3685 de
833 3612 927 3709 poris
962 3608 1214 3700 disseruimus3
1249 3601 1333 3677 uude

273 3749 441 3834 apparet,
479 3761 524 3810 ex
565 3735 642 3833 ejus
685 3734 858 3807 sententia
896 3730 1032 3833 percipi
1074 3743 1111 3802 et
1147 3725 1263 3801 sentiri
1297 3747 1331 3794 eo
1389 3801 1390 3814 χ

1389 3821 1390 3866 l

309 3927 382 3994 (276)
399 3927 505 3996 Emped.
523 3942 558 3979 rs.
577 3924 639 3990 307,
663 3927 712 3978 etri
730 3925 762 3978 de
784 3925 832 3978 alia
855 3941 884 3978 rc
903 3925 1018 3996 loquens.

308 4016 380 4086 (²77)
395 4017 467 4070 Pluto
486 4017 548 4070 Tim.
566 4035 591 4086 p.
606 4031 651 4084 793
666 4015 711 4067 ubi
730 4014 927 4086 Empedoclem
939 4013 1092 4068 seutentiam
1104 4012 1182 4078 tangit
1194 4005 1330 4062 selibram,

274 4123 299 4177 p.
317 4107 373 4162 31⁸.
