2796 4914
261 399 328 464 att
653 416 701 463 ns
725 411 943 466 smarnoous

262 579 530 657 universitatem
551 581 625 658 sive
646 581 821 656 elementa
841 597 879 658 et
898 584 1069 684 principia
1089 612 1211 660 rerum
1229 590 1316 662 omni·

262 730 347 796 um,
364 717 437 776 tam
456 703 659 778 divinarum
676 729 788 802 quam
806 703 1066 799 humanarum,
1080 721 1222 783 aeterna
1237 736 1315 806 esse,

262 850 330 897 nec
350 809 431 898 nata
456 850 619 925 unquam
641 849 708 904 nec
726 826 986 922 intenturam,
1011 829 1190 904 naturales
1213 845 1315 906 autem
1390 817 1391 844 ³

261 947 338 1022 illas
360 945 634 1042 vicissitudines,
655 972 743 1046 quas
763 949 889 1022 nasci
910 963 947 1024 ct
967 951 1078 1023 mori
1101 951 1317 1050 appellamus,

262 1095 338 1144 esse
361 1081 504 1140 tantum
526 1067 661 1141 formae
686 1067 919 1164 mutationes,
944 1071 1156 1144 mixtionem
1179 1073 1318 1170 partium

260 1191 300 1266 et
328 1190 592 1282 discretionem,
625 1213 748 1264 revera
782 1215 850 1264 nec
880 1193 963 1266 oriri
995 1217 1065 1266 neo
1084 1194 1204 1292 perire
1224 1193 1318 1294 quid-

263 1337 374 1416 quam
388 1319 452 1406 ¹⁵;
477 1336 589 1385 unam
610 1335 685 1384 esse
705 1312 864 1389 universi
886 1313 1164 1413 complexionem
1184 1339 1322 1415 eamque

261 1434 427 1511 omnibus
440 1434 600 1508 numeris
614 1430 840 1532 completam,
855 1435 894 1507 in
909 1461 981 1536 qua
995 1459 1064 1510 nec
1076 1461 1235 1508 vacuum
1248 1435 1321 1536 quid

260 1585 330 1634 nec
363 1555 550 1632 abundans
564 1555 625 1648 ¹⁶3
654 1552 810 1655 denique
837 1558 956 1630 omnia
984 1569 1057 1630 tam
1086 1581 1196 1656 supra
1227 1583 1321 1658 quam

259 1680 384 1756 subter
404 1677 506 1755 velut
526 1677 663 1752 diversa
686 1701 760 1748 esse
781 1675 910 1750 mundi
934 1675 1094 1752 membra
1115 1703 1232 1778 eaque
1255 1703 1322 1750 ma·

260 1802 326 1880 tud
347 1799 599 1876 communione
622 1798 717 1871 inter
736 1821 773 1870 se
798 1797 973 1872 contineri
990 1805 1046 1873 ¹⁷.
1096 1799 1231 1874 Placita
1251 1799 1322 1872 baec

260 1925 380 1999 omnia
400 1917 561 2021 pendent
582 1943 602 1990 a
623 1915 733 1990 nobili
751 1916 812 1992 illo
828 1918 1004 1994 Eleaticae
1023 1919 1162 1994 scholae
1178 1920 1321 1994 decreto:

261 2047 352 2136 loru
374 2041 394 2136 ἢ
415 2045 472 2116 οὐκ
496 2043 586 2115 ἔστιν
602 2041 656 2112 ¹⁸.
705 2041 809 2132 Quae
830 2037 879 2112 ab
901 2039 968 2114 hoc
990 2041 1167 2140 principio
1190 2065 1323 2116 exorsus

261 2163 491 2241 Parmenides
511 2161 557 2237 de
578 2175 662 2236 ente
683 2160 954 2256 demonstravit,
974 2187 1017 2236 ea
1040 2162 1268 2262 Empedocles
1287 2159 1322 2234 ad

261 2287 392 2363 mundi
426 2284 694 2361 universitatem
729 2282 922 2357 transtulit.
984 2283 1181 2359 Videamus
1213 2310 1322 2386 porro,
1390 2321 1391 2352 r

262 2409 408 2513 qualem
428 2405 495 2480 sibi
520 2404 649 2479 mundi
669 2403 840 2480 fabricam
859 2405 1117 2484 informaverit.
1390 2355 1391 2435 l

312 2650 493 2751 Principio
514 2648 639 2724 statuit
661 2674 780 2722 unum
806 2651 915 2724 fuisse
939 2651 1082 2743 omnia,
1102 2649 1203 2726 nulla
1227 2649 1323 2750 parti·

263 2799 330 2850 um
348 2772 567 2862 diversitate,
589 2769 690 2844 nullo
707 2777 923 2844 naturarum
938 2769 1155 2866 discrimine,
1170 2770 1230 2846 sod
1245 2769 1325 2872 globi

264 2899 374 2970 instar
385 2894 460 2968 und
472 2891 656 2966 harmonia
667 2905 889 2986 contentum,
904 2891 1013 2992 idque
1030 2892 1208 2966 divinum.
1246 2891 1326 2965 Dein

263 3033 359 3094 certo
381 3031 539 3115 tempore
560 3039 606 3088 ex
624 3014 689 3087 fati
708 3012 785 3114 lege
807 3015 989 3088 subortam
1006 3012 1241 3105 Discordiam,
1263 3036 1326 3110 qua
1387 3035 1388 3123 p

263 3141 400 3213 factum
423 3151 466 3211 ut
483 3163 608 3234 ,unum
634 3135 724 3209 illud
747 3138 785 3208 in
812 3135 966 3212 diversas
986 3149 1104 3234 partes
1124 3134 1327 3208 distrahere·

263 3275 342 3336 tur:
371 3261 419 3334 sic
450 3259 621 3334 exstitisse
645 3258 792 3358 Ignem,
816 3259 964 3350 Aerem,
986 3256 1156 3350 Terram,
1180 3257 1327 3357 Aquam,
1386 3283 1387 3351 1

264 3385 435 3460 exstitisse
467 3381 670 3454 Amicitiam
702 3392 740 3452 et
766 3378 997 3472 Discordiam,
1028 3377 1168 3478 singula
1198 3391 1262 3477 per
1295 3397 1327 3447 se
1384 3421 1386 3454 t

263 3517 336 3580 tota
368 3519 476 3605 atque
503 3503 664 3600 integra,
690 3500 755 3574 sibi
784 3501 940 3574 invicem
967 3525 1054 3578 vero
1079 3500 1254 3600 opposita,
1280 3496 1328 3569 lo-
1385 3529 1386 3581 t

292 3675 351 3744 (¹4)
367 3672 424 3725 Vid.
441 3670 547 3742 Empcd.
563 3687 611 3725 tu.
629 3672 659 3722 tlt
677 3686 733 3741 sqq.
751 3675 778 3721 et
796 3669 841 3722 us
858 3685 914 3740 sqq.
955 3655 960 3662 ’
1384 3701 1385 3736 ,

294 3763 352 3834 (15)
369 3763 443 3817 Idem
460 3778 504 3814 vu.
522 3775 553 3826 77
570 3777 628 3832 sqq·
1384 3741 1385 3809 l

293 3856 352 3922 (16)
369 3854 411 3907 Id.
427 3869 463 3906 vs.
480 3851 521 3906 63.
561 3908 563 3913 .
1383 3919 1384 3922 Ἴ

295 3945 358 4012 (17)
369 3943 411 3996 Vs.
437 3958 482 3996 raa
500 3959 537 4014 sq.
558 3939 672 4006 sla-137.
689 3941 785 3994 Eodem
801 3949 902 4012 spectat
918 3942 1042 4011 placitum
1060 3941 1092 3994 de
1109 3937 1329 4009 metempsychosi,

263 4049 300 4085 va.
318 4031 367 4084 380
384 4047 420 4101 sq.
439 4031 547 4101 aliaque.

294 4123 351 4190 (18)
372 4121 423 4173 Vid.
444 4123 525 4172 Parni.
544 4137 579 4172 vs.
597 4137 633 4183 7¹·
