2768 4910
463 400 703 454 rnnosoruu.
1021 367 1023 374 ’
1061 385 1125 459 ³⁸5

72 572 183 662 tiones,
215 573 253 644 in
284 569 418 670 quibus
452 567 556 642 modo
592 565 768 659 calidum,
803 561 908 638 modo
943 562 1130 663 frigidum,

72 691 159 766 modo
188 693 339 781 siecum,
376 687 479 764 modo
512 686 705 762 humidum
738 683 984 759 dominentur:
1023 682 1130 756 ‘hunc

72 809 193 886 fluxum
215 838 337 886 rerum
359 835 401 884 ac
424 807 702 883 vicissitudinem
719 819 897 906 spectans,
913 804 1038 878 statuit
1052 803 1131 878 ele-

71 947 172 1006 menta
190 933 338 1007 mutatis
356 929 494 1006 vicibus
513 954 580 1002 suo
599 926 771 1027 quodque
791 939 951 1022 tempore
968 947 1130 1023 regnare.

542 1233 562 1315 ς
589 1237 641 1293 ro.

179 1559 192 1582 ,
248 1495 510 1594 Cosmogoniae
535 1485 936 1588 Empedocleaeratio.

107 1665 279 1740 Hactenus
309 1663 501 1762 praecipua
524 1661 781 1763 Empedocleae
809 1662 1060 1762 cosmogoniae·
1074 1691 1131 1739 ca·

69 1785 128 1881 pita
149 1784 407 1884 explicuimus3
429 1781 562 1882 quihus
584 1782 730 1884 siugulis
749 1784 946 1872 illustratis,
971 1786 1042 1886 jam
1058 1800 1130 1860 tota

34 2007 36 2013 ,
68 1905 131 2002 ejus
161 1909 248 1980 ratio
280 1905 426 1995 clarius,
460 1905 600 2003 opinor,
634 1919 800 2002 patescet.
852 1909 980 2007 ltaque
1007 1909 1130 2007 paucis

68 2051 133 2100 cant
147 2025 503 2127 comprehendamus.
536 2026 738 2124 »Principio
755 2027 883 2101 mundi
899 2023 994 2102 cariit
1011 2031 1132 2102 omnia
1202 2113 1204 2118 ,

68 2147 159 2221 fuisse
182 2174 324 2222 unum
349 2145 538 2220 harmonia·
559 2147 739 2239 vinctum,
764 2147 875 2248 idque
900 2151 1035 2244 Deum3
1057 2177 1130 2249 quo

67 2292 216 2342 concusso
240 2282 278 2342 et
301 2266 485 2358 distracto,
507 2268 678 2340 exstitisse
706 2283 903 2367 quatuor
928 2269 1132 2345 elemen-

67 2402 116 2480 ta,
137 2416 206 2463 non
230 2402 331 2479 nate,
355 2386 415 2462 sed
440 2402 584 2460 aeterna
615 2387 814 2487 eademque
829 2391 937 2482 Deos,
960 2394 1132 2468 exstitisse

66 2509 137 2582 item
167 2509 419 2584 Amicitiam
455 2522 491 2580 et
526 2507 813 2601 Discordiam,
847 2510 984 2587 divinas
1007 2539 1133 2588 rerum

65 2630 323 2722 moderatrices,
357 2629 502 2701 alteram
528 2628 775 2702 conciliantem
799 2646 950 2723 cuncta,
985 2632 1133 2709 alteram

66 2747 316 2826 distrahentem.
369 2751 478 2828 Porro
504 2764 643 2842 autem,
665 2749 849 2824 elementis
870 2755 966 2826 inter
985 2781 1022 2828 se
1041 2758 1134 2830 mix-

65 2871 115 2962 tis,
140 2873 311 2946 exstitisse
340 2869 556 2964 mundum
584 2884 736 2966 naturas
753 2897 876 2944 omnes
897 2887 971 2946 tarn
993 2875 1133 2952 divinas

65 3017 161 3090 quam
185 2993 364 3069 humanas
391 2990 630 3089 complexum3
662 3007 742 3064 tum
767 2992 896 3066 mundi
917 2995 1133 3070 vicissitudi-

66 3135 131 3206 nes,
152 3113 257 3186 modo
278 3113 418 3189 diversa
446 3114 484 3185 in
508 3140 627 3187 unum
655 3128 801 3212 cogente
825 3115 1005 3208 Amicitia,
1029 3118 1133 3192 modo

65 3230 270 3308 distrahente
293 3235 489 3330 Discordia,
510 3236 922 3334 eamque'mutationem
943 3239 1135 3336 sempiterss-

66 3377 138 3426 nam
164 3381 262 3447 esse,
295 3357 431 3456 quippe
463 3382 580 3456 quum
609 3370 759 3430 naturae
786 3357 960 3457 principia
991 3374 1134 3434 aeterna
1245 3415 1248 3428 .

66 3473 136 3548 sint.
186 3479 314 3578 Itaque
349 3503 473 3552 rerum
506 3479 643 3551 formae
670 3481 870 3570 varientur,
896 3480 1025 3554 mundi
1049 3482 1135 3555 ordo

65 3599 293 3698 sempiternus
318 3612 452 3674 constat
468 3598 569 3671 ²02.’'
618 3601 662 3672 ln
690 3599 756 3672 hac
779 3600 1013 3700 descriptione
1035 3602 1135 3676 vide·

66 3736 138 3789 mus
168 3745 295 3792 rerum
326 3719 457 3794 formas
486 3721 593 3794 aliam
617 3749 662 3796 ex
688 3721 754 3794 alia
777 3722 943 3820 deinceps
968 3735 1086 3817 natas,
1112 3749 1134 3796 e

66 3835 424 3931 sphaera-elementa,
458 3867 503 3914 ex
531 3843 715 3918 elementis
740 3842 921 3916 mundum
946 3845 1134 3944 variasque

92 4089 162 4249 (aloa)
180 4092 241 4144 Vid.
262 4093 367 4162 Emped.
387 4111 434 4146 πε.
455 4094 502 4155 h't,
526 4092 568 4155 45·

123 4179 166 4253 II.

1163 3684 1268 3789 muz}
1276 3679 1337 3730 μά

1165 3783 1204 3834 ut
1216 3801 1224 3826 a
1263 3797 1333 3864 w,
