2768 4916
409 424 493 472 vrrs.
515 403 562 472 n'r
584 423 732 474 srunrrs.
1074 415 1112 478 1⁵

29 609 30 640 ν
96 591 246 666 Primum
274 603 394 666 autem
423 589 659 691 Empedocles
689 593 728 664 in
756 592 939 691 republica
968 613 1114 694 apparet

62 727 120 812 post
153 726 299 788 mortem
321 711 626 813 patris‘Metonis,
651 739 763 814 quem
788 716 909 814 ipsum
930 719 1113 792 nnumin

61 819 266 934 principibus
280 835 391 910 fnisse
423 832 594 910 libertatis
624 834 804 911 vindicem
831 849 870 910 et
895 851 1115 935 patronum,

63 955 149 1056 colligi
170 970 282 1054 potest
305 983 352 1033 ex
373 959 415 1032 iis
435 981 530 1058 quae
553 955 735 1032 Neantbes
758 956 953 1058 Cyzicenus
976 959 1113 1034 retulit.

63 1079 162 1154 Scribit
182 1078 255 1170 hic,
278 1080 446 1156 »Metone
467 1091 628 1172 mortuo,
651 1077 850 1179 tyrannidis
866 1079 967 1154 initia
984 1081 1116 1180 pullu-

63 1202 116 1275 lare
144 1201 312 1300 coepisse,
353 1217 434 1277 tum
461 1227 548 1278 vero
579 1199 833 1301 Empedoclem
869 1202 1116 1308 Agrigentinos

28 1379 29 1382 ,
64 1323 212 1400 induxisse
233 1339 279 1400 ut
299 1354 322 1400 a
346 1323 558 1400 factionibus
575 1322 784 1400 absisterent
805 1338 846 1398 et
865 1323 1116 1424 aequalitatem

65 1444 354 1544 ostenderem
380 1447 565 1544 wernerus)
595 1444 897 1543 amplecterentur
919 1443 998 1519 ³⁶.”
1058 1449 1116 1522 Ex

65 1563 191 1644 hocloco
208 1570 291 1671 jure
311 1569 482 1668 suspicari
497 1568 599 1660 licet,
616 1565 798 1642 Matonem
815 1565 941 1666 populi
954 1567 1117 1665 partibus

67 1687 179 1785 savina,
201 1707 239 1767 et
261 1691 451 1794 Agrigenti
474 1701 556 1787 post
578 1685 756 1762 sublatam
772 1687 999 1789 tyrannidem
1013 1715 1116 1790 mag-

40 1894 43 1904 ,
69 1833 99 1881 aa
107 1811 243 1888 valuisse
262 1811 496 1901 auctoritate,
513 1835 632 1908 quum
648 1805 728 1905 ejus
741 1834 837 1882 mors
851 1810 996 1908 signnm
1010 1825 1116 1906 esset,
1130 1883 1146 1912 f

72 1955 118 2025 quo
133 1934 356 2010 factiosorum
378 1942 527 2006 conatus
550 1929 593 2004 ed
612 1927 843 2029 tyrannidem
858 1931 1118 2006 restituendam

78 2072 275 2158 emnperent.
328 2055 463 2150 Quales
496 2067 619 2128 autem
648 2055 735 2128 istae
765 2052 936 2128 factiones
956 2051 1115 2146 fuerint,
1206 2125 1211 2136 ,

80 2189 195 2252 veterum
228 2176 586 2278 rerumpublicarum
614 2173 754 2250 historia
781 2173 948 2248 declarat.
1009 2177 1118 2276 Agri-

74 2301 169 2391 gentini
193 2287 312 2402 remp.
339 2297 591 2393 condiderant,
618 2297 752 2372 Doricis
778 2295 951 2404 institutis
974 2307 1117 2394 tempe-
1245 2347 1250 2361 .

73 2431 166 2516 ratam,
202 2448 348 2498 summa
380 2446 507 2495 rerum
534 2419 702 2494 mandata
731 2431 808 2492 erat
840 2417 988 2492 Senatui
1020 2415 1118 2492 mille

72 2539 127 2612 riris
144 2546 332 2644 composito
352 2551 408 2616 ³⁷.
458 2541 504 2614 Hi
524 2556 649 2616 autem
668 2566 755 2615 cum
770 2553 941 2638 potestate
963 2563 1029 2612 sua
1046 2540 1118 2612 im-
1172 2611 1178 2622 ,

71 2663 248 2742 moderatius
271 2666 532 2758 abuterentur,
546 2667 729 2738 exstitere
749 2663 847 2756 lites,
867 2675 1010 2738 exortae
1032 2677 1119 2736 sunt
1171 2676 1175 2690 '
1252 2683 1254 2700 ·

71 2782 201 2863 lectiones
215 2791 435 2888 optimatum
451 2800 488 2861 et
505 2785 633 2886 plebis,
648 2809 807 2885 quarum
825 2783 905 2858 illae
921 2809 1120 2883 paucorum

71 2902 284 3006 dominationi,
307 2907 374 2982 hae
398 2906 564 3007 populari
583 2907 733 3003 imperio
755 2905 931 2982 sererent.
980 2907 1120 3006 Empe·

71 3024 155 3102 docles
177 3033 285 3131 igitur
307 3029 553 3130 potentiorum
572 3026 756 3102 ambitioni
778 3025 932 3118 obstitit,
963 3026 1121 3100 factiosos

72 3151 278 3245 reprehendit,
303 3154 413 3226 suasit
433 3149 594 3251 aequalia
616 3147 754 3223 civibus
773 3149 853 3248 jura
869 3149 1046 3247 impertiri
1061 3153 1119 3221 ³⁸.

71 3265 167 3370 Neque
182 3276 315 3350 solum
346 3273 465 3364 dictis,
498 3271 560 3346 sed
585 3270 687 3344 factis
710 3293 861 3369 quoque
884 3294 922 3342 se
943 3281 1017 3342 tam
1038 3295 1121 3371 erga

92 3413 134 3482 (36)
149 3421 200 3473 lid.
213 3420 498 3489 Diog.tetrt.v111,s.
514 3433 560 3482 7²3
572 3415 694 3468 Eudoets,
705 3430 731 3483 p.
746 3429 800 3478 ryo.
826 3414 971 3466 Neanthem
979 3411 1122 3467 taceretu-

27 3519 29 3614 y
72 3497 208 3564 liasintbro
221 3516 289 3584 περὶ
305 3493 522 3581 Πυθαγορινῶν,
534 3505 636 3572 colligas
647 3504 792 3570 elliogenis
802 3502 904 3557 verbis:
918 3506 1054 3575 Νεάνθης
1065 3507 1124 3560 dli

27 3615 28 3674 Ῐ
75 3591 207 3670 Κυῦῑηνὸς,
228 3607 242 3657 ὁ
262 3609 311 3658 nul
329 3599 397 3675 ’περὶ
416 3606 471 3656 τῶν
488 3596 697 3666 Πυθαγορικῶν
717 3594 813 3648 εἰπών.
859 3594 913 3644 Nisi
931 3597 1040 3651 sortasse
1060 3601 1124 3652 haec

27 3711 28 3756 g
74 3695 114 3744 litt
122 3689 190 3746 luerit
198 3699 283 3765 operis
294 3697 366 3768 quod
376 3697 477 3766 scripsit
488 3696 555 3763 περὶ
565 3692 683 3749 ἐνδόξων
694 3689 813 3756 ἀνδρῶν.
833 3687 891 3738 Vid.
904 3688 989 3740 Stura.
1003 3688 1031 3740 in
1040 3689 1124 3741 Praef.

27 3759 29 3860 i
75 3769 185 3843 Enpedocr
196 3787 328 3852 Menagius
338 3789 366 3839 in
376 3787 500 3840 Observv.
512 3787 539 3837 in
551 3783 658 3848 Diogen.
670 3780 685 3830 l
701 3779 718 3829 1.

27 3863 29 3894 Ι
98 3865 141 3932 [37)
154 3873 227 3940 Cuius
240 3879 337 3930 mentio
350 3877 381 3929 fit
391 3877 479 3946 paullo
490 3875 604 3928 interius.
1036 3947 1039 3954 Δ

98 3953 141 4024 (38)
154 3963 206 4016 Huc
217 3975 315 4036 spectat
325 3967 439 4021 Timonis
449 3965 553 4018 Phliasii
563 3965 591 4016 in
600 3961 784 4033 Empedoclem
794 3959 908 4014 dictum:

81 4127 83 4134 y
243 4060 334 4128 ἀρχῶν
351 4060 379 4118 ὃς
397 4055 509 4127 διέθηκ’
529 4059 615 4126 ἀρχὰς
633 4056 781 4112 ἐπιδευέας
798 4053 901 4117 ἄλλων,

81 4144 90 4178 ¹·
101 4151 117 4185 c.
128 4143 318 4214 multitudinem,
329 4151 371 4203 cui
383 4165 444 4215 rege
455 4166 520 4220 opus
530 4157 609 4212 esset,
619 4163 705 4214 regem
716 4145 786 4200 lecit.
805 4145 862 4199 vid.
874 4145 981 4198 interius
993 4145 1005 4208 l
1018 4147 1033 4196 8
1044 4145 1127 4214 princ.

27 4299 29 4360 l

27 4379 29 4440 l
