2796 4914
428 679 431 684 ⁵
560 729 637 814 §a

408 998 456 1062 ltu
474 997 590 1062 nutu}
608 995 775 1062 mmet.
896 1033 900 1038 ·

109 1198 340 1302 Empedocleo
371 1198 539 1303 physicus
562 1201 639 1276 fere
662 1199 781 1278 vocari
803 1199 890 1277 solet
907 1209 967 1276 ¹³:
999 1213 1037 1278 et
1059 1227 1134 1279 mc·

70 1323 150 1398 rito:
183 1321 299 1397 omnia
329 1324 426 1397 enim
452 1320 530 1422 ejus
554 1319 772 1422 philosophia
795 1321 835 1396 in
858 1349 982 1400 rerum
1005 1337 1135 1400 natura

69 1443 268 1544 explicanda
294 1457 476 1538 versatum
500 1446 538 1516 in
564 1469 637 1544 quo
662 1441 707 1517 ab
723 1443 873 1538 illectis,
894 1473 915 1519 o
935 1443 1068 1546 quibus
1084 1471 1138 1520 co·

68 1567 226 1668 teroqnin
258 1567 364 1666 plura
393 1578 582 1640 mutuatus
614 1579 683 1663 est,
716 1565 875 1639 multum
900 1565 1031 1640 differt.
1081 1565 1137 1640 Illi

66 1688 137 1760 ‘veri
152 1689 390 1786 cognitionem
407 1712 557 1788 posuere
574 1687 612 1759 in
629 1712 669 1760 re
685 1685 730 1760 ab
747 1687 843 1761 omni
860 1711 1032 1762 sensuum
1048 1711 1137 1786 per-

58 1809 222 1906 ceptione
253 1809 423 1909 omnique
453 1820 604 1882 naturae
631 1804 738 1882 fluxu
766 1819 916 1903 remota,
944 1808 982 1880 in
1012 1819 1135 1898 cnte3

69 1925 119 2000 lio
141 1929 475 2028 contemplationem
497 1929 675 2005 revocarit
701 1927 745 2002 ad
769 1926 1039 2028 adspectahilcm
1064 1953 1135 2002 na·

67 2060 202 2143 turam,
227 2048 414 2150 multaque
434 2050 480 2124 ab
501 2049 569 2124 illis
592 2047 788 2124 abstrusius
808 2047 902 2124 dicta
925 2048 969 2124 ad
992 2047 1134 2151 physica

69 2168 269 2268 explicanda
293 2170 485 2246 transtulit.
536 2169 683 2272 Physica
701 2183 824 2244 antam
839 2183 1004 2247 veterum
1020 2193 1132 2268 qnam

66 2286 127 2364 late
150 2305 288 2390 pateat,
314 2306 443 2366 notum
467 2305 534 2368 est:
560 2290 810 2390 complectitur
832 2303 905 2364 tom
928 2287 1134 2365 divinarum

66 2436 182 2486 rerum
204 2437 315 2512 quam
335 2412 577 2488 humanarum
592 2397 845 2511 cognitionem.
894 2409 1020 2510 Itaque
1044 2410 1135 2482 Em·

67 2532 219 2627 pedocles
241 2535 414 2634 incipiens
429 2561 450 2608 a
465 2532 695 2610 describenda
708 2531 870 2610 universi
884 2528 1039 2629 origine,
1056 2529 1134 2604 ele-
1152 2539 1157 2548 ‘
1252 2585 1254 2590 μ

66 2656 207 2750 mentis,
242 2655 441 2755 principiis,
470 2653 608 2754 legibus
637 2652 770 2756 quibus
794 2649 956 2726 mundus
979 2651 1132 2751 regitur,
1175 2701 1182 2762 5·

66 2772 226 2876 deinceps
248 2775 416 2878 processit
432 2775 477 2850 od
498 2775 627 2851 mundi
645 2773 882 2850 oonditionem
899 2770 1135 2872 singularum·

66 2922 131 2994 quc
169 2925 294 2974 rorum
329 2911 403 2972 tam
438 2893 726 2997 adapeaabitium
765 2920 876 2995 qnam
912 2891 1130 2974 occultarum

66 3031 225 3094 naturam
246 3017 503 3120 explicandam.
548 3015 697 3090 Illarum
713 3015 870 3116 portium
885 3013 982 3112 prior
997 3020 1133 3107 Κοσμο-

66 3140 150 3215 roto
179 3140 349 3241 appellari
383 3152 518 3241 potest,
552 3139 644 3213 sicut
669 3165 690 3212 a
715 3135 838 3212 multia
859 3133 1033 3242 appellata
1055 3147 1129 3230 cst,
1255 3233 1256 3238 Ἰ

66 3286 170 3359 quam
203 3287 305 3336 nuno
335 3259 606 3361 explicabimus3
643 3258 803 3359 primum
836 3280 1015 3331 summam
1053 3255 1131 3356 ejus

66 3384 255 3458 sententiae
285 3407 544 3482 proponemus,
575 3378 705 3457 deinde
728 3377 885 3550 singulas
910 3392 1027 3478 partes
1053 3377 1133 3462 dili·

66 3505 199 3599 gentius
223 3503 419 3578 tractaturi.

109 3744 293 3823 Profectus
325 3775 345 3822 a
377 3761 461 3824 noto
491 3750 550 3826 illo
577 3763 742 3828 veterum
761 3748 921 3825 decreto:
945 3769 991 3818 ex
1013 3741 1131 3816 nitito
1201 3793 1205 3801 ·

68 3867 181 3960 nihil,
202 3873 242 3944 in
269 3871 429 3946 nihilum
451 3873 509 3946 nit
527 3897 638 3970 posce
658 3863 816 3960 resolvi,
840 3867 980 3962 statuit,
1003 3859 1132 3939 mundi

95 4036 153 4106 (13)
168 4039 224 4092 tto.
243 4057 266 4094 e.
283 4055 307 4107 g·
325 4037 472 4093 Aristotelea
490 4037 632 4093 dellundo
650 4055 673 4103 c,
689 4037 720 4101 63
740 4037 829 4090 Cicero
844 4034 877 4089 clo
895 4029 1136 4098 orot1‚5o;t³to-

70 4125 147 4183 tarclr.
162 4128 193 4184 do
210 4129 308 4185 Curios.
324 4147 351 4208 p.
367 4127 415 4182 aaa
432 4129 462 4184 C.
