2768 4916
50 65 55 342 l

412 349 497 400 VITA
521 350 567 398 m·
590 348 735 398 anunm.
1084 343 1124 405 71

73 519 333 620 interpretatione
364 519 528 596 vocabuli
559 521 682 622 λόγος,
710 519 809 622 quod
839 543 943 620 saepe
975 520 1124 622 quidem

72 643 172 735 ratiost
184 641 315 741 opponi
326 639 424 735 solet,
435 667 509 716 non
522 668 607 718 raro
621 657 743 718 tamen
758 643 958 744 promiscuo
972 668 1126 744 usurpa·

70 784 124 842 tur.
159 764 214 838 Ad
234 764 301 838 hoc
315 789 460 838 carmen
477 765 689 864 spectaverit
705 764 851 840 fortasse
868 765 1070 842 Aristoteles
1086 769 1125 840 in

43 935 44 952 n
70 893 135 963 Arte
151 889 284 987 politica
300 897 338 934 ²¹
350 897 381 960 ¹.
415 887 470 960 Eo
484 885 611 960 referri
623 887 758 986 possint
771 911 905 964 novem
921 885 973 960 illi
985 913 1125 986 versus,

69 1011 177 1112 quihus
208 1008 442 1109 Empedocles
473 1010 656 1085 variorum
690 1008 868 1084 malorum
900 1010 1057 1086 remedia
1089 1039 1127 1088 se

40 1231 41 1234 Ἴ
69 1134 262 1208 traditurum
284 1132 470 1232 pollicetur
487 1143 567 1206 2¹².
617 1133 724 1226 Quod
750 1133 778 1206 si
803 1157 933 1208 verum
959 1135 1018 1228 sit,
1041 1159 1128 1232 ege-

39 1239 100 1329 ⁴rit
125 1256 160 1329 in
196 1255 265 1330 hoc
295 1256 453 1328 carmine
486 1254 532 1328 de
567 1253 693 1347 modis,
733 1253 867 1356 quibus
899 1281 973 1328 non
1006 1256 1126 1331 solum

69 1377 251 1452 morborum
274 1402 394 1469 casus,
422 1376 483 1452 sed
506 1379 613 1452 etiam
636 1391 890 1477 tempestatum
913 1377 1128 1454 calamitates

69 1504 157 1575 averti
187 1513 226 1574 et
261 1502 443 1599 procurari
476 1513 626 1601 queant,
688 1499 959 1599 Argumentum
995 1525 1128 1600 cogna-

69 1635 126 1694 tam
146 1635 200 1696 est
223 1621 589 1724 Purgationibnsflffi
610 1647 769 1722 quarum
788 1620 880 1696 illud
905 1629 1021 1724 paene
1039 1649 1128 1724 pac·
1181 1624 1184 1634 '

69 1754 120 1818 tern
138 1745 250 1820 fuisse
271 1759 388 1843 putes.
479 1751 485 1758 ’

32 1907 33 1910 ¹
101 1868 149 1942 rt
177 1868 255 1965 περὶ
287 1871 414 1947 Φύσεως
448 1893 475 1938 s.
510 1863 651 1942 Φυσικά.
701 1865 777 1938 Ηοο
808 1878 860 1939 est
891 1868 1130 1968 praecipuum

72 1989 270 2088 Empedoclis
291 2015 382 2089 opus
403 2003 439 2062 ct
464 1987 658 2062 maximam
681 1987 780 2088 apud
801 2001 957 2089 posteros
980 1989 1131 2066 celebri-

74 2123 153 2186 tatem
172 2113 364 2212 adeptum,
389 2133 464 2211 quo
488 2136 543 2198 ea,
566 2135 661 2212 quae
686 2109 864 2184 diuturni
888 2137 1012 2184 rarum
1033 2110 1132 2188 divi-

69 2256 175 2308 narum
197 2247 235 2308 et
250 2233 496 2306 humanarum
512 2231 810 2331 contemplatione
823 2245 1008 2324 assumtus
1023 2249 1132 2320 esset,

68 2358 221 2452 exposuit.
271 2356 376 2428 Certe
396 2355 513 2454 operis
537 2354 746 2456 magnitudo
768 2369 804 2428 et
827 2356 918 2428 ratio
941 2357 1130 2454 ingenium

67 2491 232 2554 maturum
260 2492 297 2550 et
319 2476 480 2549 doctrinis
504 2476 691 2550 excultum
714 2477 922 2552 ostendunt.
973 2477 1131 2580 Compo-

67 2598 153 2670 sitnm
180 2615 259 2674 erat
277 2599 425 2674 heroicis
450 2599 611 2672 numeris
632 2612 668 2672 et
692 2598 746 2672 bis
767 2599 864 2672 mille
884 2625 1011 2674 versus
1030 2627 1131 2674 com—

68 2715 196 2812 plexum
216 2731 299 2794 ²¹⁴.
351 2721 443 2792 Hinc
476 2720 584 2818 vulgo
619 2720 843 2818 Empedoclis
872 2719 935 2809 ἐ’πη
962 2723 1132 2821 appellari

91 2964 155 3026 (arr)
171 2963 279 3014 Aristot.
295 2963 366 3032 Podt.
385 2979 406 3012 c.
429 2979 456 3014 t:
475 2964 501 3014 οἱ
520 2961 666 3029 ἄνθρωποί
684 2982 717 3027 γε
733 2964 920 3020 συνάπτοντες
938 2965 976 3030 τῷ
995 2965 1085 3034 μέτρῳ
1103 2964 1135 3013 τὸ

68 3066 140 3107 ποιεῖν
147 3093 156 3120 ,
172 3058 236 3115 τοὺς
254 3056 304 3120 μέν
322 3055 538 3123 ἰλεμειοποιούς,
560 3063 624 3114 τούς
647 3055 678 3106 δὲ
696 3057 841 3115 inconsonis
860 3058 1052 3124 ὀνομάζουσιν,
1071 3093 1079 3108 .
1099 3094 1107 3108 .
1127 3094 1134 3107 .

68 3154 124 3214 tund
139 3154 170 3203 τὸ
187 3154 291 3220 μέτρον
310 3150 589 3220 προσαγορεύοντες·
612 3153 659 3202 καὶ
681 3153 733 3220 γὰρ
755 3150 789 3201 ds
814 3153 989 3220 ἰατρικὸν
1010 3154 1027 3218 ἢ
1050 3171 1135 3214 μου·

67 3246 151 3297 οιεόν
170 3267 198 3297 τι
218 3248 267 3297 διὰ
284 3247 340 3297 τίον
356 3248 463 3314 μέτρων
481 3247 642 3318 teatensis,
663 3248 732 3298 οὕτω
753 3245 850 3300 καλεῖν
870 3245 1007 3300 εἰώθασιν
1026 3264 1032 3275 ·
1052 3244 1135 3298 οὐδὲν

69 3337 93 3386 di
110 3341 192 3392 κοινόν
205 3343 280 3392 ἐστιν
296 3338 405 3410 Ὁμήρῳ
417 3343 465 3394 καὶ
478 3339 676 3406 Ἐμπεδοκλεῖ
688 3344 762 3412 πλὴν
775 3345 807 3396 τὸ
820 3345 932 3413 μέτρον.
965 3341 1004 3392 Ex
1017 3339 1136 3407 exemplo

67 3430 174 3496 quoditie
190 3435 267 3485 affert
287 3433 518 3504 Empedoclis,
537 3452 589 3486 non
605 3435 796 3504 improbabile,
811 3453 841 3486 ea
855 3451 974 3505 quoquo,
991 3435 1058 3502 qitae
1073 3447 1136 3498 pro-

67 3518 122 3570 rime
138 3525 310 3590 praecedunt.
336 3524 370 3575 ad
391 3525 503 3576 eundem
525 3527 666 3595 pertinere.
703 3526 878 3586 Quamobrem
898 3527 975 3578 etiam
996 3540 1045 3592 pro
1066 3543 1137 3588 μον-

68 3613 128 3663 ιικόν
144 3615 258 3667 Heinsius
279 3614 353 3668 dedit
372 3618 493 3680 φυσικόν,
516 3618 563 3669 etsi
583 3619 633 3670 hoc
655 3635 748 3688 parum
771 3624 882 3668 certum.

93 3707 157 3768 (arn)
175 3707 227 3758 Vid.
244 3724 294 3759 sss.
312 3707 361 3775 [psl
379 3725 433 3779 sqq.

94 3783 159 3860 istd)
177 3797 254 3850 Ambo
273 3801 407 3866 conjungit
423 3799 497 3854 Plato
514 3800 611 3873 Cratyl.
627 3818 652 3870 p.
673 3798 723 3863 405
739 3801 774 3856 A:
790 3799 816 3851 oi
834 3799 979 3867 καθαρμοὶ
1000 3801 1047 3850 sul
1066 3799 1138 3854 κατὰ

74 3889 116 3950 τὴν
130 3891 251 3961 ἰατρικὴν
268 3893 317 3946 stul
336 3895 407 3945 κατὰ
425 3897 477 3963 τὴν
493 3897 638 3962 μαντικὴν,
654 3895 702 3946 sul
719 3895 749 3945 ui
764 3903 823 3953 τοῖς
840 3885 975 3960 ἶαεριεοΐς
988 3896 1139 3964 φαρμάκοις

74 3984 113 4030 ²11²
132 3985 158 4035 ul
174 3996 230 4044 τοῖς
251 3997 394 4049 μαντικοῖς
414 3987 611 4057 περιθειώσεις.
628 3989 686 4040 κτλ.

100 4074 162 4140 (²¹4)
178 4078 232 4129 vid.
250 4079 338 4147 paullo
359 4085 420 4133 ants
441 4089 497 4132 not.
522 4097 576 4148 209.
