2776 4916
427 443 463 490 rr
489 441 739 492 nurnnocarn.
1060 425 1125 490 229

57 604 104 666 Pro
132 608 277 688 praesenti
307 615 427 667 tanturn
460 611 550 683 (int)
578 607 746 691 requiratur
776 605 897 668 sortasse
932 607 1125 689 praeteritum

57 713 184 788 ἔσλισ(ο)’
214 721 267 773 aut
295 709 391 772 simile
418 711 502 794 quid.
544 712 675 774 sturzius
701 711 929 792 iuterpretatur:
959 713 1024 771 οιόο
1051 712 1127 792 quid

58 828 168 894 ισοισσι,
187 819 251 877 sice
272 817 432 892 ύοσσσοσσις
452 815 536 899 quod
553 835 646 898 aeque
663 813 827 876 obscurum
833 859 842 890 ‚
859 835 899 876 ne
912 814 1024 892 dicam,
1038 815 1126 898 inep-

57 930 121 981 tum.
160 922 197 982 At
216 920 300 995 ride,
320 940 397 980 num
416 919 538 980 sortasse
557 940 613 1002 pro
632 919 691 988 'tv'
708 923 804 1000 myos
825 917 989 1002 legendum
1009 920 1047 981 sit
1066 928 1126 989 stc.

56 1033 142 1102 λιούν,
163 1037 251 1086 tessus
277 1045 299 1084 ι.
328 1043 442 1098 comm,
473 1024 522 1084 cui
543 1044 648 1106 oppos.
669 1033 772 1100 nuso,
791 1025 916 1106 plenum
936 1044 960 1084 s.
982 1025 1123 1103 ύοοιιιιιιι,

49 1139 84 1194 ut
104 1127 150 1190 bie
175 1127 324 1190 efficiatur
350 1147 469 1188 sensus:
498 1125 647 1188 elementa
667 1130 769 1212 aequis
788 1126 977 1210 portionibus
996 1128 1075 1190 inter
1095 1149 1125 1189 se

57 1233 220 1311 miscemur,
242 1230 363 1317 siquod
374 1253 479 1293 eorum
493 1241 585 1292 tenue
598 1231 651 1308 sit,
670 1232 755 1315 plus,
775 1233 798 1293 si
812 1231 940 1294 densum
953 1232 1007 1308 sit,
1025 1234 1125 1294 minus

57 1336 239 1398 admiscetur:
261 1337 353 1398 ueluti
374 1357 487 1419 equae,
509 1357 587 1420 quae
607 1337 727 1400 tenuior
741 1349 795 1414 est,
811 1339 908 1418 major
921 1338 1021 1421 portio
1032 1358 1124 1420 quana

57 1451 136 1502 terrae
143 1487 152 1518 ,
175 1463 253 1526 quae
274 1440 394 1502 densior
401 1462 412 1517 3
441 1440 576 1524 ejusdem
606 1461 675 1502 vero
697 1441 796 1502 minor
816 1441 915 1523 portio
935 1461 1028 1525 quarn
1050 1442 1124 1502 ae'ris

57 1554 79 1602 et
91 1546 176 1628 ignis,
197 1547 251 1630 qui
271 1543 394 1606 leviores
414 1555 494 1606 sunt.
517 1543 575 1606 Sed
595 1547 771 1629 conjectura
791 1543 866 1606 haec
882 1555 937 1619 cst,
951 1546 1000 1606 cui
1014 1565 1123 1628 purum

57 1649 175 1712 conlido.

89 1756 133 1816 Vs.
155 1754 228 1816 219.
270 1761 304 1822 ln
318 1756 459 1835 σῦνσῐριύ
470 1762 604 1837 serim
618 1759 703 1832 κσλ.)
736 1754 907 1838 Simplicius
919 1752 1010 1816 hahet
1023 1756 1127 1836 σύρατ’

58 1861 173 1937 ἐγένοντο
195 1870 245 1927 καλ
264 1866 369 1938 ἄλλης.
382 1895 417 1908 -
436 1868 523 1941 γύνσο
541 1869 738 1922 correxerunt
757 1858 865 1940 Scalig.
887 1869 917 1918 et
932 1859 1026 1920 Sturz.
1069 1861 1125 1921 Pro

56 1969 135 2040 ύλλννς
153 1965 253 2026 sture.
274 1965 376 2026 scribit
394 1971 478 2032 tm
498 1971 543 2041 lt,
565 1985 620 2046 ego
641 1961 762 2023 mallem
783 1964 915 2031 aare?
934 1967 1019 2032 ωε..

87 2070 140 2130 Vss.
162 2069 315 2132 220-222.
357 2081 445 2139 νοῦσοι
464 2083 517 2152 μὲν
536 2076 566 2138 ἰν
586 2075 674 2150 styx.
696 2073 779 2144 κσλ)
818 2067 1031 2150 Empedocles,
1050 2079 1124 2131 teste

56 2171 218 2250 Plutarcho,
249 2174 434 2238 demonstrat
461 2174 507 2236 his
536 2175 680 2250 versibus,
710 2173 859 2234 elementa
887 2173 919 2231 in
950 2173 1123 2255 corporibus

55 2295 106 2336 non
124 2299 241 2360 sempor
260 2299 349 2340 suurn
369 2280 586 2362 propriumque
606 2277 741 2339 obtinere
760 2276 862 2337 locum
872 2319 882 2352 ,
908 2275 1000 2336 ueluti
1019 2276 1121 2358 ignem

58 2383 207 2462 superiores
227 2393 343 2465 partes,
365 2393 475 2442 terrum
494 2383 663 2458 inferiores,
685 2380 736 2441 scd
756 2380 797 2441 ita
818 2378 959 2461 disposita
979 2401 1055 2457 esse,
1078 2382 1123 2440 uti

58 2487 190 2570 cujusque
210 2487 343 2568 corporis
364 2506 433 2546 usus
453 2485 593 2569 postulet.
635 2487 713 2546 Ante
727 2483 816 2545 rerba
830 2485 881 2553 ἕνθ’
901 2489 964 2560 tues
977 2501 1047 2552 νων.
1068 2485 1124 2546 ali·

58 2589 118 2669 quid
143 2590 307 2664 excidisse,
332 2593 398 2673 jam
428 2591 519 2650 sensit
544 2589 678 2650 Reiskius
705 2589 738 2648 in
758 2587 910 2650 Plutarchi
930 2589 1036 2673 Symp.
1057 2589 1078 2650 l.
1100 2590 1123 2651 l.

56 2691 110 2771 lpse
133 2692 312 2756 Plutarchus
341 2691 435 2752 altero
461 2691 530 2752 loco
557 2693 699 2752 lacunam
719 2692 804 2776 quasi
824 2693 926 2774 explet
945 2693 992 2754 his
1012 2693 1122 2755 verbis:

59 2806 163 2877 κιιρύκιιν
185 2825 244 2865 σι.
268 2849 276 2863 .
299 2849 307 2864 .
330 2803 442 2878 χελύιιν
462 2825 496 2864 σο
516 2805 564 2864 sol
583 2807 689 2872 ισονσλς
709 2802 822 2877 ὀσσρύον
841 2801 965 2876 Φύσιν,
985 2804 1021 2874 u<
1040 2802 1123 2878 Φιρσιν

58 2901 295 2982 ὃἘριιιοδοκλλσ,
328 2911 630 2982 κοσοριιινύύνιον,
662 2903 733 2968 »tvt'
752 2901 832 2979 ided'
851 2918 921 2970 κσλ·
942 2935 983 2951 ··
1004 2913 1127 2986 calpis

58 3003 161 3088 scripsi,
189 3007 334 3069 suadente
364 3007 539 3090 Xylandro,
570 3029 626 3090 pro
656 3008 739 3088 vulg.
767 3016 812 3074 sat
829 3020 900 3088 μὴνς
926 3012 1071 3089 maalon„
1091 3039 1126 3078 ῃ

59 3125 174 3189 χελωνῶν
194 3135 252 3196 pro
273 3120 363 3194 λνοιῤῥ,
386 3120 498 3196 χελύων
518 3143 565 3190 σο,
588 3135 683 3198 quum
704 3112 771 3174 llld.
794 3124 824 3174 et
842 3115 905 3174 Bas.
919 3112 989 3174 edd.
1003 3115 1041 3174 de
1055 3115 1126 3176 Fac.

58 3214 121 3280 lun.
146 3219 311 3302 praebeant
335 3233 466 3301 χολωνσν
490 3249 533 3288 νη.
577 3219 732 3302 Xylander
753 3230 908 3301 comparat
926 3217 1020 3295 illud,
1041 3219 1123 3300 quod

57 3322 82 3381 io
99 3327 218 3388 oraculo
233 3327 316 3409 apud
331 3325 470 3388 herodot.
484 3329 508 3402 l,
530 3324 581 3400 47,
596 3324 706 3406 legitur
712 3370 722 3400 ,
738 3332 918 3405 κραταιρίνοιο
930 3328 1067 3405 χολύνιις.
1083 3357 1125 3372 -

58 3436 133 3508 xilva
151 3441 261 3516 music
282 3439 449 3513 ύιιύρσιισσ,
481 3453 551 3490 cum
571 3429 632 3490 hoo
652 3431 786 3490 concinit
802 3429 863 3490 lere
882 3428 1066 3503 Aristoteles,
1085 3427 1122 3488 de

57 3535 117 3595 [len.
144 3538 273 3600 Animal.
298 3538 361 3614 lll,
388 3537 442 3612 ll,
467 3558 497 3618 p.
520 3534 580 3594 845
603 3536 638 3594 E:
661 3540 677 3605 ἧ
698 3543 753 3602 τῶν
773 3538 994 3616 ὀστρακοδέρμων
1014 3537 1124 3615 γίνεται

58 3642 149 3718 Φύσις,
171 3651 268 3724 κύκλρι
286 3655 338 3721 μὲν
359 3650 412 3708 roll
432 3645 552 3723 νσύδσνς
571 3647 789 3719 σκλκρννσμύνον
807 3652 856 3708 sol
876 3651 1050 3724 aenysuuduou
1072 3653 1125 3714 σῆκ

60 3858 195 3933 βονιριύνον
222 3863 274 3921 σοῦ
302 3867 354 3930 ris
382 3857 450 3938 ζοιλν
477 3859 595 3935 ἔχοντος
623 3857 760 3934 educere.
803 3852 845 3913 Cs.
872 3850 953 3911 idem
981 3851 1018 3912 de
1048 3854 1125 3914 Part.

59 3956 169 4036 lnimal.
190 3961 240 4036 IV,
261 3959 290 4020 7.

90 4063 134 4122 Vs.
156 4063 212 4126 22³
234 4087 277 4148 sq.
320 4070 423 4134 Τκύσῖι
443 4074 542 4147 σρύχσς
562 4069 647 4140 κσλ.)
688 4064 793 4149 Omnia
814 4063 868 4124 ista
889 4081 997 4143 genere
1018 4062 1121 4124 eadem
