2756 4912
240 385 281 451 76
502 387 504 391 ’
634 405 682 452 uu
709 405 926 452 uuruuoems

238 595 383 670 quoque
411 595 584 668 magnum
608 595 782 646 versuum
808 597 1004 647 numerum
1030 577 1197 672 protulit,
1222 604 1312 678 quo-

238 718 321 766 rum
346 693 538 766 auctoritas
561 691 599 766 in
625 691 781 767 dubium
798 696 916 770 vocari
929 698 1067 796 nequit.
1122 699 1204 774 Post
1218 699 1313 772 hunc

161 817 163 822 ⁸
238 841 323 889 vero
354 815 419 916 qui
443 827 541 888 sexto
565 829 643 914 post
666 811 848 889 Christum
874 817 993 892 seculo
1018 816 1161 912 floruit,
1195 821 1311 895 Musae

237 936 374 1011 Siculae
390 935 496 1035 plane
515 936 660 1012 taudem
678 939 717 1009 in
738 934 950 1011 oblivionem
971 941 1110 1014 venisse
1131 940 1309 1014 ridentur.

236 1061 378 1133 Ferunt
394 1056 558 1158 quidem,
574 1057 669 1159 apud
683 1057 816 1132 Arabes
833 1084 1004 1168 magnam·
1015 1061 1125 1135 fuisse
1140 1063 1312 1162 Empedo-

237 1181 298 1256 clis
318 1180 568 1271 notitiam²³⁵;
586 1206 680 1280 quae
699 1196 817 1254 tamen
837 1177 935 1253 haud
954 1182 1114 1255 multum
1131 1185 1311 1258 excessisse
1365 1182 1366 1190 '

237 1301 381 1380 videtur
394 1329 450 1394 ea,
464 1327 559 1402 quae
573 1301 618 1375 ab
629 1301 815 1376 Aristotele
826 1317 863 1378 et
874 1293 1065 1379 serioribus
1077 1305 1312 1407 philosophiae

237 1424 493 1524 interpretibus
520 1437 637 1498 essent
664 1422 812 1517 tradita,
839 1439 949 1525 atque
977 1427 1114 1501 etiamsi
1140 1426 1249 1525 plura
1272 1429 1312 1502 de

236 1547 296 1621 illo
319 1562 475 1638 nossent,
498 1560 618 1620 tamen
641 1545 730 1620 haec
749 1572 836 1646 gens
856 1550 895 1621 in
915 1549 1192 1648 interpretandis
1212 1563 1314 1625 vete-

237 1667 320 1743 rum
347 1671 484 1766 scriptis
512 1667 599 1742 adeo
626 1670 744 1742 omnia
770 1672 980 1744 commentis
1008 1671 1142 1745 suiset
1171 1673 1316 1769 argutiis
1367 1687 1368 1716 ³

237 1789 396 1890 opplevit
410 1805 446 1863 et
463 1789 678 1881 obscuravit,
699 1804 742 1864 ut
758 1817 887 1888 parum
905 1791 951 1865 ab
967 1793 1009 1864 iis
1023 1792 1259 1867 emolumenti
1274 1793 1316 1864 ad

237 1911 491 2011 Empedoclem
521 1910 775 1984 illustrandum
809 1914 944 2012 sperari
975 1915 1093 2011 possit.
1143 1912 1317 2012 Exemplo
1368 1941 1369 2002 j

238 2048 379 2107 tantum
408 2032 499 2128 sint,
521 2059 617 2136 quae
636 2015 1007 2135 Abulphuragius
1035 2033 1187 2132 scripsit:
1214 2035 1315 2108 illurn

238 2156 380 2234 Davidis
402 2159 493 2255 regis
514 2155 701 2255 aequalem
723 2155 834 2228 luisse
854 2171 890 2230 et
910 2184 929 2229 o
950 2159 1157 2229 Locmauno
1181 2157 1318 2255 sapien·
1369 2197 1370 2216 κ

237 2283 322 2355 tiam
356 2279 539 2370 edoctum,
581 2277 739 2351 eundem
771 2277 934 2376 primum
972 2281 1035 2351 Dei
1072 2275 1243 2350 attributa
1273 2276 1320 2350 ab

172 2501 174 2506 ι
236 2404 348 2503 ipsius
375 2401 523 2474 essentia
549 2385 766 2489 distinxisse,
796 2385 881 2486 item
910 2398 1043 2473 librum
1074 2399 1250 2498 scripsisse
1276 2401 1320 2472 ad
1370 2455 1371 2462 κ

238 2521 473 2598 refutandum
495 2527 792 2598 resurrectionem
817 2521 1038 2621 spiritualem
1054 2522 1135 2594 ²³⁶.
1184 2521 1322 2594 Similes

239 2669 354 2744 nugas
373 2644 510 2743 profert
528 2643 619 2718 alius
635 2644 783 2744 quidam
806 2642 968 2743 ejusdem
989 2644 1142 2716 nationis
1162 2643 1321 2741 scriptor,

239 2765 306 2865 qui
329 2778 451 2838 tamen
475 2764 693 2838 confidenter
715 2763 886 2858 affirmat,
907 2792 944 2838 se
967 2763 1193 2862 Empedoclis
1215 2763 1322 2840 libros

240 2885 488 2989 Hierosolymis
506 2888 544 2958 in
569 2885 655 2960 aede
675 2886 772 2960 sacre
791 2886 969 2960 iuvenisse
989 2900 1026 2958 et
1045 2899 1180 2960 attento
1202 2887 1322 2958 animo

239 3009 363 3108 legisse
374 3005 413 3060 '²³
423 3017 454 3083 ⁷.
490 3008 588 3081 Talia
605 3008 726 3108 legens
743 3035 816 3082 non
832 3006 938 3108 plura
955 3007 1113 3105 profecto
1131 3006 1322 3082 desideret!

289 3123 499 3206 Sturzius
530 3143 654 3204 eutem
678 3131 829 3204 confisus
856 3128 1055 3202 testimonio
1080 3127 1237 3228 quodam
1259 3127 1282 3198 J
1289 3154 1321 3200 o.

240 3255 471 3354 Aurispae,
494 3253 560 3353 qui
581 3251 700 3324 seculo
716 3251 788 3322 XV
804 3249 910 3342 vixit,
928 3251 1105 3323 narrantis
1120 3275 1158 3324 se
1173 3277 1194 3324 e
1211 3251 1323 3324 Grae-

240 3378 291 3449 cia
317 3391 516 3476 reportasse
545 3372 731 3473 καθαρμοὺς
755 3370 1038 3471 Ἐμπεδοκλέους,
1065 3397 1208 3446 omnem
1230 3395 1324 3470 ope-

186 3640 189 3646 .
274 3594 347 3662 (235)
366 3594 420 3648 Vid.
441 3600 503 3648 Acta
520 3595 615 3649 erudit
635 3595 702 3665 Lips.
721 3594 765 3647 cit
783 3593 854 3664 apud
873 3590 944 3644 Harl.
965 3592 992 3642 in
1011 3589 1110 3642 Fabric.
1127 3588 1191 3641 Bibl.
1204 3590 1247 3640 Gr.
1258 3588 1289 3640 Τ.
1303 3589 1323 3637 1.

240 3704 265 3756 p.
284 3686 348 3752 8133
365 3694 392 3739 et
407 3685 467 3740 inde
486 3688 555 3756 apud
576 3687 663 3738 Sture.
685 3701 710 3754 p.
731 3687 770 3736 80.
931 3733 935 3740 ,

273 3776 349 3845 (236)
368 3776 538 3847 Abulphnrag.
561 3770 625 3828 not
649 3774 756 3841 Dyua'st.
778 3790 803 3842 p.
826 3771 864 3825 ss
890 3769 1001 3824 Pocock.
1024 3771 1066 3823 eit.
1096 3763 1194 3822 Harles'.
1218 3768 1236 3818 l.
1258 3767 1276 3817 l.
1298 3775 1322 3818 et

179 3879 182 3884 ’
240 3884 326 3918 ,οη
365 3883 482 3918 .1os.

241 3869 550 4026 qt(237)pLocurnqhunc
570 3972 629 4007 cum
648 3954 751 4008 Sturrio
768 3937 968 4006 communicarit
991 3949 1144 4011 Morellius,
1163 3947 1273 4000 ductum
1292 3960 1323 3996 ex

239 4064 319 4118 opere
336 4045 477 4116 inscriptos
496 4046 616 4112 catalogo
638 4043 679 4097 de’
701 4043 788 4096 codici
808 4061 854 4096 ms.
877 4041 999 4095 orientali
1022 4040 1048 4091 d.
1064 4039 1128 4092 Bibl.
1150 4039 1283 4096 Noniano,
1300 4038 1321 4086 rt.

217 4139 319 4210 ,share
339 4137 398 4191 Sim.
419 4136 565 4189 Assemarmi
589 4135 649 4187 Pede
678 4138 747 4197 ¹⁷87·
768 4151 793 4202 p.
814 4131 863 4198 58,Ι
