2768 4916
409 417 493 467 vrri
515 417 563 466 nr
583 416 728 468 srunns.
1068 405 1107 466 5⁷

58 583 195 660 oonsilio:
221 581 466 685 Empedocles,
493 612 568 686 quo
594 583 733 662 facilius
753 582 931 686 populum
952 585 1110 660 arrcimi-

58 720 114 780 tate
139 733 199 782 sua
227 721 381 808 regeret,
412 707 571 808 Gorgias,
602 731 677 806 quc
703 705 852 807 majores
871 705 937 788 sibi
963 705 1111 807 plausus

58 841 190 926 captaret
210 829 430 932 lucrumque
459 844 660 930 quaereret.

522 1019 620 1186 ςἰι.

92 1315 177 1388 Haec
196 1314 243 1389 de
258 1315 481 1416 Empedoclis
497 1319 587 1410 vita,
607 1315 868 1392 consuetudine
884 1331 922 1392 et
936 1314 1125 1410 morihnsa

57 1435 196 1534 requitur
207 1451 253 1511 ut
262 1437 308 1512 de
319 1436 398 1537 ejus
408 1436 548 1537 scriptis
557 1453 595 1512 et
605 1439 794 1514 literarum
805 1437 930 1512 studiis
938 1436 1109 1512 dicamus.

90 1556 185 1630 Haud
211 1556 353 1658 vulgari
375 1557 480 1632 illum
507 1557 618 1634 fuisse
644 1557 790 1658 ingenio
816 1584 902 1632 cum
923 1560 996 1635 vita
1018 1557 1115 1659 ejus,

58 1690 117 1750 turn
142 1681 251 1778 magis
284 1680 392 1754 etiarn
420 1679 547 1779 scripta
572 1680 789 1774 ostendunt3
815 1681 852 1754 in
878 1677 1012 1781 quihus
1034 1680 1113 1754 du-

58 1793 135 1870 bium
159 1812 287 1874 utrum
316 1800 453 1900 poetica
482 1800 534 1877 vis
557 1827 605 1874 an
628 1799 810 1875 doctrinae
837 1801 982 1875 scientia
1003 1803 1113 1902 magis

58 1917 180 1994 eluceat.
232 1920 494 1996 Didactioorum
517 1926 724 2021 poetarum,
746 1923 813 2023 qui
834 1921 881 1998 de
903 1949 1025 1998 rerum
1048 1947 1112 1996 na·

59 2049 117 2112 tura
141 2041 324 2117 vaticinati
347 2057 454 2138 sunt,
477 2057 520 2117 ut
546 2043 645 2142 apud
666 2045 810 2118 Latinos
831 2046 1039 2138 Lucretius,
1063 2047 1113 2118 sic

21 2219 22 2260 3
58 2159 263 2261 Empedocles
285 2163 383 2264 apud
410 2165 562 2240 Graecos
582 2166 660 2240 sine
680 2162 791 2240 dubio
812 2163 980 2264 princeps
1005 2168 1112 2240 aesti-

21 2355 22 2386 3
59 2283 182 2358 naudus
202 2287 285 2361 ¹⁶⁴.
336 2285 500 2362 Dubitari
521 2288 671 2388 quidem
690 2287 814 2387 possit,
836 2287 929 2360 sicut
953 2286 1113 2388 antiqui·

21 2431 23 2462 f
58 2413 99 2475 lus
126 2405 334 2482 dubitatum
364 2423 434 2503 est,
465 2409 544 2484 hoc'
563 2409 729 2484 carminis
759 2433 875 2508 genus
906 2436 998 2486 num
1029 2409 1112 2508 jure
1152 2463 1155 2470 ·

58 2531 143 2621 poc'sis
156 2534 200 2606 sit
220 2531 391 2626 dicenda,
407 2560 452 2606 an
469 2534 651 2633 poeticum
674 2546 818 2607 tanturn
838 2545 1007 2606 ornatum
1030 2553 1113 2604 mu·

58 2661 169 2747 tuetur,
191 2680 312 2755 eoque
334 2669 461 2730 utatur
488 2651 663 2756 taniIuam
684 2651 868 2747 vehiculo,
891 2679 965 2754 quo
987 2651 1113 2750 pedes·

58 2783 124 2856 irem
151 2777 332 2850 incessum
361 2779 490 2872 evitet3
513 2772 815 2878 quemadmodem
842 2773 887 2864 de
911 2774 1024 2872 potitis
1046 2773 1113 2848 iilis

56 2887 177 2990 loquens
201 2898 423 2974 Plutarchus
446 2912 568 2974 censet
585 2898 664 2970 ¹⁶⁵.
713 2897 823 2992 Sane,
852 2899 882 2972 si
905 2895 1112 2970 didascalica

58 3130 140 3232 dum,
168 3138 291 3214 ambas
314 3158 351 3218 et
373 3167 506 3244 genere
528 3123 566 3216 et
588 3166 713 3216 rerum
736 3141 945 3216 tractatione
966 3164 1112 3237 prorsus

57 3252 175 3356 dislar03
208 3263 342 3358 veluti,
374 3280 417 3339 ut
445 3287 561 3338 unum
591 3263 662 3339 hoc
688 3287 904 3357 memorem,
932 3259 1041 3336 altera
1072 3263 1111 3333 in

58 3379 161 3458 medias
189 3411 248 3460 res
278 3385 480 3460 auditorem
512 3384 607 3485 rapit
632 3399 669 3460 et
694 3411 760 3486 per
786 3383 918 3460 multas
947 3382 1112 3484 ambages
1161 3446 1163 3452 ,

58 3493 133 3577 ducit
156 3533 391 3608 quocumque
418 3507 523 3601 velit,
561 3507 672 3583 altera
696 3489 799 3582 xcerto
831 3505 958 3582 ordine
987 3520 1024 3579 et
1052 3504 1111 3582 via

81 3757 139 3827 (¹⁶4)
155 3747 234 3816 Ambo
245 3763 345 3833 pariter
357 3770 480 3834 tanquam
492 3763 611 3834 exempla
622 3763 650 3816 iu
662 3779 709 3814 suc
720 3778 814 3829 genere
825 3762 941 3815 citantor
951 3778 967 3814 a
977 3762 1112 3816 Lactantio

60 3843 168 3905 hathir.
186 3856 228 3917 11,
248 3869 292 3917 ¹²3
309 3852 433 3906 Diomede
448 3852 482 3905 de
500 3856 571 3906 Orat.
590 3861 618 3906 et
637 3860 716 3922 partt.
736 3860 802 3904 orat
821 3854 870 3904 111.
890 3869 914 3921 p.
934 3852 983 3916 480
1004 3848 1112 3906 Putschss

62 3932 202 3997 'Diducaiice
213 3952 263 4006 cat,
274 3961 328 4014 qua
338 3941 571 4012 comprehenditur
582 3943 745 4013 philosophia
757 3940 920 4012 Enpedociis
933 3951 960 3995 et
971 3943 1112 3997 Lucretii.”
1212 3959 1218 3970 “

83 4025 141 4095 (165)
155 4031 281 4086 Plutarch.
301 4032 335 4084 de
354 4032 414 4084 aud.
431 4037 503 4101 poet.
521 4051 546 4102 p.
570 4033 615 4096 16,
630 4032 686 4084 Vol.
699 4034 747 4096 vl,
756 4048 781 4100 p.
795 4029 826 4084 56
838 4030 923 4086 neiat.
935 4049 1012 4104 quem
1025 4033 1111 4088 locum

63 4114 117 4165 attuli
126 4120 171 4184 jam
181 4123 206 4175 in
217 4121 361 4175 Parmenid.
374 4138 401 4189 p.-
418 4137 446 4184 ¹7
460 4132 513 4175 not.
577 4173 582 4182 ,
