2768 4916
244 393 287 454 20
641 403 690 450 mr
712 401 933 452 uursnocus

243 588 293 650 ut·
319 585 468 648 testatur
500 570 641 644 Plinius
665 579 724 640 ⁴⁹:
781 569 1047 664 »Pestilentise‚
1072 571 1212 672 inquit,
1234 595 1338 672 quae

242 696 322 772 solis
346 693 591 780 obscuratione
613 691 858 777 contrahitur,
885 690 1124 792 ignissullitu
1146 692 1339 768 multifor-

241 819 348 892 miter
369 800 535 902 auxiliari
555 828 697 890 certum
719 829 783 888 est
832 813 1066 914 Empedocles
1083 828 1120 888 et
1139 815 1340 916 Hippocra-

242 953 297 1012 tes
328 936 368 1009 id
404 949 644 1010 monstravere
678 933 826 1030 diversis
860 932 976 1008 locis.”
1037 935 1224 1010 Praeterea
1257 934 1341 1008 aliis

232 1054 391 1160 ¹quoque
412 1055 534 1128 modis.
585 1056 754 1130 Timaeus
775 1070 897 1130 narrat
915 1063 933 1107 ⁵
940 1067 974 1149 0,
998 1051 1183 1156 Agrigenti
1208 1053 1343 1130 flanti-

244 1180 315 1254 bus
337 1176 529 1278 aliquando
550 1178 664 1251 etesiis
692 1192 765 1251 tam
792 1180 959 1278 graviter,
982 1192 1025 1253 ut
1047 1179 1188 1252 fructus
1214 1177 1344 1252 tabes·

245 1314 384 1392 cerent,
420 1299 561 1398 jussisse
602 1299 879 1398 Empedoclem,
902 1301 1030 1392 *asinos
1070 1299 1261 1392 excoriari,
1303 1315 1343 1372 et

245 1436 346 1498 utres
364 1447 410 1496 ex
429 1446 555 1522 eorum
577 1419 730 1518 pellibus
747 1423 924 1496 conlectos
940 1424 1031 1497 circa
1048 1421 1153 1496 colles
1168 1435 1204 1495 et
1222 1448 1344 1520 rupes

244 1544 422 1644 expandi,
448 1542 515 1644 qui
544 1539 671 1616 flatum
693 1545 911 1644 exciperent.
954 1545 1007 1619 Ita
1022 1549 1141 1623 'vento
1163 1545 1344 1644 depulso,

246 1668 366 1766 ipsum
389 1664 625 1762 κωλυᾶανέμαν
645 1667 938 1765 cognominatum
957 1693 1043 1742 esse.
1080 1669 1232 1742 Factum
1250 1666 1344 1757 hoc,

133 1859 136 1864 ,
247 1789 297 1862 sic
316 1803 361 1862 ut
380 1817 402 1863 a
418 1790 563 1862 Timaeo
586 1794 765 1880 narratur,
784 1815 916 1887 parum
939 1788 1044 1864 hahet
1064 1777 1364 1888 probabilitatis}

247 1909 310 1984 sed
334 1911 502 1986 novimus
524 1910 713 1984 Timaeum
733 1936 807 1984 non
830 1937 910 1986 raro
928 1911 1100 1985 mirabilia
1118 1935 1285 1984 narrasse
1305 1927 1345 1984 et

247 2058 305 2106 res
328 2059 435 2132 supra
461 2031 609 2105 modum
633 2033 785 2108 auxisse.
836 2032 1056 2108 Probabilior
1081 2045 1118 2106 et
1144 2031 1346 2131 simplicior

247 2167 303 2228 est
324 2152 509 2228 Plutarchi
530 2154 703 2226 narratio:
743 2154 1000 2252 Empedoclem¹
1021 2157 1151 2232 montis
1172 2155 1346 2244 hiatum,

248 2303 323 2378 quo
346 2302 472 2376 graves
492 2288 529 2349 et
548 2275 707 2374 pestiferi
730 2277 842 2350 austri
862 2274 969 2352 flatus
983 2287 1022 2332 ⁵¹
1051 2280 1090 2354 in
1106 2301 1247 2377 campos
1260 2279 1347 2352 im-

130 2419 132 2425 ’
248 2399 502 2491 mitterentur,
522 2396 751 2492 obstruxisse,
773 2425 889 2500 eoque
910 2400 1145 2498 pestilentiam
1169 2400 1348 2475 avertisse

164 2587 169 2597 .
248 2517 428 2592 creditum
443 2527 460 2570 ⁵
468 2529 501 2593 2.
553 2518 653 2592 Idem
676 2547 751 2595 esse
770 2519 836 2594 ho'c
851 2522 990 2601 lactum
1006 2537 1115 2623 atque
1130 2520 1218 2617 illud
1235 2521 1349 2619 quod

141 2713 142 2717 ,
251 2639 419 2713 Timaeus
442 2639 588 2733 retulit,
621 2667 678 2716 res
704 2644 779 2741 ipsa
806 2645 943 2742 arguit3
966 2645 995 2718 si
1018 2643 1201 2718 diversum
1223 2656 1349 2734 esset,

251 2759 420 2834 Timaeus
438 2761 495 2836 vel
515 2763 689 2864 Diogenes
711 2764 750 2838 in
773 2764 994 2840 mirabilibus
1013 2761 1236 2863 Empedoclis
1256 2762 1350 2856 fac-

250 2883 295 2955 tis
315 2882 524 2957 enarrandis
546 2883 583 2956 id
605 2884 701 2962 haud
725 2886 902 2960 emissent.
950 2889 1035 2981 Qua
1057 2898 1180 2960 autem
1200 2885 1363 2978 ratione¹

288 3123 346 3192 (49)
361 3124 459 3176 Plinius
471 3126 536 3178 trist.
547 3126 606 3180 Nat.
619 3126 743 3190 XXXVI,
757 3141 795 3192 27.
815 3127 889 3180 Idem
900 3127 1045 3182 remedium
1056 3125 1163 3182 Athenis
1174 3127 1200 3179 in
1209 3127 1286 3195 gravi
1300 3128 1351 3180 illa

254 3215 402 3284 pestilentia
415 3231 469 3265 non
479 3215 533 3268 sine
545 3215 635 3268 fructu
646 3215 765 3268 adhibuit
775 3219 868 3278 Acron,
879 3218 1041 3288 Empedoclis
1050 3217 1179 3288 aequalis;
1194 3223 1261 3268 teste
1275 3217 1350 3270 Plu-

254 3301 337 3358 terch
349 3302 383 3354 de
395 3304 431 3356 Is.
446 3309 475 3356 et
489 3305 531 3355 Os.
542 3319 567 3373 p.
582 3304 639 3357 383.
650 3303 707 3358 Vol.
719 3304 783 3368 Vll,
795 3321 821 3374 p.
834 3303 892 3358 506.

287 3391 345 3462 (50)
361 3393 479 3446 Timaeus
494 3391 564 3444 'llist
582 3393 611 3446 1.
627 3393 717 3446 XVIII
730 3392 800 3464 spud
809 3392 916 3460 Diogen.
928 3395 960 3446 L.
970 3396 1034 3447 VIII
1041 3431 1049 3456 ‚
1066 3412 1085 3446 s.
1096 3394 1144 3460 60;
1155 3394 1227 3447 locus
1239 3394 1352 3449 relatus

254 3499 270 3533 s
282 3483 400 3536 Goellero
412 3483 439 3534 in
450 3482 548 3534 Timaei
561 3481 594 3534 fr.
604 3499 630 3552 p.
645 3482 697 3545 234¹
709 3499 748 3552 sq.
760 3480 792 3533 et.
807 3491 869 3536 nota
882 3483 921 3536 53.
951 3484 1080 3552 Agrigenti
1092 3485 1189 3538 factum
1200 3501 1269 3542 esse,
1288 3503 1351 3539 non

255 3572 354 3624 addidit
367 3573 510 3638 Diogenes,
522 3571 568 3624 sed
579 3580 724 3624 memorant
735 3573 854 3634 Clemens
865 3574 959 3627 Strom.
970 3573 1015 3640 VI,
1026 3591 1052 3646 p.
1065 3574 1115 3628 630
1126 3577 1161 3640 C,
1173 3585 1201 3628 et
1210 3574 1309 3630 Suidas
1321 3580 1350 3630 in

255 3662 463 3732 Ἐμπεδοκλῆς.

288 3755 486 3823 (5010010000
507 3771 583 3826 saepe
602 3754 711 3806 noxium
729 3760 757 3806 et
773 3755 924 3826 pestiferum
941 3773 1012 3819 esse,
1026 3758 1350 3821 docentmultireterum

255 3846 313 3901 loci.
348 3844 389 3896 Sic
404 3845 527 3897 Horatius
543 3852 691 3897 austrum
707 3845 907 3914 corporibus
924 3855 1104 3902 nocentem
1119 3857 1204 3910 vocat,
1235 3848 1282 3901 Od.
1300 3852 1350 3915 Il,

260 3937 299 3999 rt.
316 3933 348 3987 cf.
367 3932 410 3985 alii
428 3934 471 3986 cit.
490 3935 575 3986 Sturz.
590 3951 616 4004 p.
634 3931 666 3984 50
682 3951 720 4004 sq.
1042 3921 1044 3926 ¹

289 4021 348 4093 (tn)
362 4021 515 4076 Plutarchus
533 4023 567 4077 de
585 4023 684 4098 Curios.
705 4023 786 4091 princ.
805 4042 830 4092 p.
850 4025 906 4078 515.
928 4026 982 4080 1101.
1001 4029 1163 4098 V111,p.t7.
1189 4027 1262 4082 Idem
1282 4031 1349 4086 adr.

225 4133 227 4140 ·
259 4113 380 4181 Colotp.
399 4110 468 4161 1126.
