2768 4916
201 599 300 673 lectio
327 601 455 700 exiguo
481 629 520 673 ac
545 626 659 699 poene
685 601 784 676 nullo
811 606 893 676 artis
921 605 1059 680 criticae
1084 623 1213 683 ornatu
1230 614 1290 684 in-

200 759 349 838 structa,
375 749 465 819 sicut
491 745 646 820 indotata
671 747 810 845 puella,
836 749 1027 849 Leydensis
1052 750 1289 830 bibliothecae

199 891 359 964 custodiit
392 905 489 990 septa
521 892 625 966 latuit
645 904 676 994 ἦ.
731 893 855 966 Plures
879 894 1027 993 quidem
1053 923 1132 969 eom
1156 923 1287 972 ornare

199 1039 298 1110 etin
323 1037 440 1110 lucem
466 1035 626 1134 proferre
651 1036 810 1110 meditati
835 1052 939 1130 sunt,
966 1053 1007 1110 ut
1032 1039 1285 1133 Fabricius,

198 1183 444 1273 Goensius,
477 1181 720 1272 Canterus,
758 1181 819 1254 sed
843 1183 891 1254 in·
906 1185 1086 1282 proposito
1112 1211 1184 1259 non
1209 1201 1284 1260 ste-
1363 1201 1368 1209 '

199 1341 324 1402 terunt
342 1337 374 1398 ³.
426 1325 562 1398 Prodiit
596 1324 743 1397 tandem
775 1338 858 1398 ante
895 1327 958 1400 hos
992 1330 1136 1427 triginta
1171 1357 1284 1404 annos

196 1472 285 1546 liber
306 1472 352 1543 M.
378 1469 488 1543 Frid.
515 1469 629 1542 Gnil.
655 1470 846 1560 Sturzii,
870 1472 937 1544 hoc
953 1472 1057 1545 titulo
1073 1474 1278 1573 inscriptus:

198 1617 487 1714 Empedocles
513 1616 856 1714 Agrigentinus.
906 1618 1282 1715 Devitaetplriloso-

193 1767 289 1861 plia
312 1765 393 1862 ejus
413 1763 603 1859 exposuit,
620 1763 826 1832 carminum
842 1763 1020 1861 reliquias
1042 1790 1089 1836 ex
1116 1766 1282 1863 antiquis

196 1909 434 2006 scriptoribus
456 1908 618 2005 collegit,
641 1883 839 1994 recensuit,
858 1910 1076 1996 illustrauit,
1097 1923 1164 1982 etc.
1196 1911 1283 2008 Lip-

197 2057 277 2146 siae,
290 2051 407 2127 ·1805.
443 2053 672 2126 Sturzianum
690 2071 781 2150 opus
800 2053 1008 2149 exemplum
1023 2067 1076 2126 cst
1093 2055 1219 2128 laboris
1244 2070 1281 2128 et

196 2198 416 2297 diligentiae,
446 2223 541 2296 quae
565 2173 662 2288 dotes
686 2198 725 2268 in
750 2195 809 2268 illo
822 2199 910 2272 'viro
923 2198 1131 2297 'singulares
1155 2201 1284 2292 fuere3

195 2331 329 2445 quibus
353 2346 382 2416 si
407 2369 470 2440 par
495 2316 689 2414 accessisset
714 2342 901 2439 ingenium
920 2358 956 2415 et
973 2343 1164 2443 judicium,
1181 2345 1283 2419 haud

196 2487 356 2563 multum
388 2513 471 2560 sane
496 2463 758 2587 requirendum
787 2490 934 2584 posteris
965 2489 1174 2589 reliquisset.
1226 2492 1281 2562 Il·

194 2636 265 2708 lius
291 2633 388 2707 labor
412 2632 536 2731 plures
561 2629 749 2723 excitavit,
776 2631 828 2703 'ut
860 2632 1132 2731 Empedocleam
1157 2634 1280 2731 philo-

195 2779 354 2879 sophiam
379 2791 630 2869 retractarent3
664 2803 684 2850 e
709 2774 842 2875 quibus
866 2781 1012 2872 praeter
1031 2777 1114 2849 alios
1138 2805 1281 2852 memo-

194 2925 329 2999 randus
353 2925 393 2996 B.
416 2925 462 2996 Η.
490 2919 903 3012 ltnommatzseh,
928 2919 992 3020 qui
1015 2920 1148 2995 librum
1171 2923 1281 2997 edidit

196 3069 323 3144 diserte
348 3071 521 3167 scriptum
544 3069 611 3141 hoc
634 3068 748 3141 titulo:
762 3067 1075 3140 'Die‘Weislreit
1099 3068 1162 3140 des
1187 3069 1281 3139 Ern-

192 3217 433 3312 pedocles,
458 3218 557 3288 naclr
584 3217 690 3286 ilrren
722 3213 880 3301 Quellen
903 3215 1189 3308 philosoplisolr
1213 3214 1280 3284 be-

196 3363 348 3434 arbeitet
358 3416 372 3450 ,
421 3361 527 3431 nebst
571 3357 673 3430 einer
716 3357 935 3428 metrisclren
977 3355 1254 3456 Uebersetzung
1265 3412 1278 3445 ,

196 3522 262 3580 etc.
302 3506 440 3622 Berlin,
458 3503 573 3580 ΔΙ1830.
607 3504 794 3576 Praeterea
819 3499 1042 3598 Empedoclis
1070 3503 1278 3600 fragmentis
1310 3577 1323 3610 ο

229 3723 270 3791 (a)
297 3725 458 3792 Exprompta
477 3729 515 3773 est
537 3729 563 3772 et
583 3737 685 3771 mecum
707 3721 894 3772 communicata
913 3737 928 3770 a
945 3722 1000 3771 Jac.
1018 3718 1119 3778 Geelio,
1136 3729 1167 3770 ut
1182 3719 1232 3770 dixi
1251 3719 1277 3770 in

196 3835 279 3887 Praei.
299 3835 464 3886 Parmenidis.

229 3949 271 4017 (3)
290 3944 473 4000 vid-»Harles
497 3951 523 4000 in
544 3949 657 4002 Fabricii
678 3948 741 3999 Bibl.
766 3950 809 3999 Gr.
831 3949 861 4001 Τ.
883 3953 909 4012 1,
933 3968 957 4020 p.
982 3951 1038 4003 813.
1074 3952 1159 4002 Stura.
1182 3949 1292 4016 Empe.

195 4064 260 4115 docl.
284 4063 367 4113 Praef.
