2768 4910
255 427 318 489 426
423 499 427 506 ¹
649 436 698 482 nn
723 433 939 486 suscensus

253 609 374 680 aerem
391 687 393 694 ¹
408 601 502 677 illius
537 603 676 699 impetu
708 600 895 678 cedentem
925 602 1183 700 septentriones
1207 627 1306 678 versus

254 725 446 824 refugisse,
465 749 539 824 quo
557 723 751 820 ingruente
771 721 950 802 borealem
970 721 1057 800 coeli
1076 722 1198 822 polum
1212 723 1306 800 eleu-

254 861 353 938 tum,
371 859 503 920 terram
524 857 645 920 contre
669 844 877 920 reclinatum
900 844 996 920 esse”
1014 855 1095 918 ²⁰2.
1132 845 1240 922 Solem
1253 871 1306 918 au-

255 983 331 1046 tem
356 967 456 1042 initio
484 968 585 1065 prius
612 968 924 1065 septentrionalem
952 967 1082 1046 mundi
1104 967 1223 1044 orbem
1240 992 1306 1070 per-

207 1189 210 1200 ,
256 1090 407 1167 currisse
427 1101 536 1188 atque
555 1088 641 1164 adeo
664 1117 685 1164 a
707 1092 841 1189 tropico
861 1092 993 1168 aestivo
1015 1091 1051 1188 (i.
1072 1117 1105 1168 e.
1129 1093 1218 1171 veris
1233 1103 1306 1165 tem-

255 1209 357 1309 pore)
367 1223 532 1286 exortum
544 1236 634 1304 esse,
647 1214 848 1288 eommunis
859 1214 933 1290 fuit
945 1229 1111 1291 veterum
1123 1214 1236 1313 opinio
1249 1215 1306 1280 ¹⁰³:

256 1331 342 1404 hine
370 1330 468 1432 quod
490 1334 805 1431 septentrionalem
827 1335 960 1435 mundi,
982 1349 1147 1438 partem.
1166 1360 1252 1436 quae
1272 1345 1309 1406 ert

257 1454 348 1526 eirca
366 1452 546 1551 tropicum
568 1454 763 1550 aestivum,
785 1457 979 1532 dextram
999 1457 1221 1558 appellabant
1234 1455 1309 1550 (nau

259 1573 362 1671 δεξιὸν
384 1573 534 1654 ἑκάστου
553 1580 697 1678 λέγομεν
719 1577 829 1678 ‘o'issyi
851 1579 946 1682 ἀρχὴ
967 1583 1024 1671 τῆς
1047 1580 1143 1659 seris
1167 1577 1257 1656 esras
1273 1603 1309 1648 κι-

257 1697 386 1791 sirene,
402 1713 446 1774 ut
462 1700 666 1792 Aristoteles
682 1701 842 1800 ait1⁰⁴)‚
855 1704 1047 1782 australem
1065 1716 1189 1780 contra
1203 1699 1309 1774 sinir-

172 1823 175 1834 '
257 1837 383 1896 tram.
434 1820 492 1895 Sic
515 1834 551 1896 et
580 1822 813 1920 Empedocles
835 1825 997 1904 statuisse
1023 1823 1195 1903 traditur:
1213 1821 1309 1916 Ἐμπε-

259 1941 377 2033 δοκλῆς
402 1941 498 2035 (leitil
521 1947 582 2040 stis
603 1944 651 2023 rh
673 1947 766 2026 wit
782 1949 837 2024 ris
859 1945 971 2046 depuis
991 1945 1165 2046 τροπικόν,
1183 1940 1310 2042 &perspi

191 2115 194 2123 ·
259 2065 298 2146 cli
321 2068 369 2144 rit
389 2067 481 2148 cers
506 2069 561 2146 ris
587 2071 770 2168 χειμερινόν
786 2079 850 2124 ²0⁵
862 2099 872 2163 3
897 2083 933 2147 et
957 2067 1117 2146 similiter
1141 2080 1222 2147 ente
1241 2066 1310 2136 Em·

257 2188 440 2288 pedoclem
473 2190 703 2294 Pythagorei,
730 2191 796 2290 qui
826 2192 929 2268 istem
962 2191 1168 2290 opinionem
1192 2186 1233 2261 ab
1259 2185 1312 2257 he·

257 2314 387 2411 gyptiis
416 2313 574 2387 mutuati
602 2311 968 2388 esse·dicuntur10⁶.

308 2433 454 2510 Praeter
486 2433 625 2508 coelum
656 2460 682 2506 s.
713 2432 896 2517 aetherem
924 2435 963 2506 in
986 2433 1146 2509 carmine
1173 2433 1313 2508 memorat

293 2692 367 2758 (roa)
388 2689 425 2746 Cl.
447 2692 543 2745 Corsin.
567 2691 630 2744 Dias.
656 2692 724 2744 rtur.
747 2695 771 2754 Ι,
797 2710 823 2765 p.
846 2691 925 2750 XIX,
950 2685 996 2760 qui
1019 2691 1093 2743 simili
1117 2690 1173 2744 fere
1194 2687 1262 2740 modo
1278 2682 1313 2734 ¹1⁰⁰

259 2780 382 2852 placitum
400 2783 596 2852 iuterpretatur.
828 2839 830 2846 ,
1080 2817 1083 2824 -

291 2872 367 2940 (103)
384 2873 444 2925 vid.
455 2873 554 2942 Lipsius
567 2875 641 2942 Phys.
654 2875 731 2927 Stoie.
741 2876 776 2930 lt,
791 2889 812 2924 e.
823 2890 847 2940 9;
859 2873 972 2939 Scaliger
981 2873 1015 2926 de
1023 2871 1160 2926 Emendat
1171 2873 1251 2939 Tcmp.
1260 2867 1313 2919 alios·

290 2962 365 3030 (rol)
383 2962 491 3014 Aristot.
508 2961 542 3014 de
560 2963 639 3015 coeto
659 2965 703 3027 ΙΙ,
721 2979 750 3026 23
767 2979 793 3032 p.
814 2961 864 3014 355
885 2963 915 3016 D.

239 3093 241 3098 .
292 3050 365 3119 (105)
381 3049 514 3104 Plutarch.
529 3052 596 3106 Plan
614 3051 678 3124 phil.
695 3055 737 3116 11,
757 3069 800 3115 rot
818 3053 910 3106 Euseb.
930 3053 1023 3124 Praep.
1042 3055 1089 3106 Eu.
1110 3053 1169 3114 XV;
1189 3051 1232 3113 [μς
1250 3043 1315 3099 Galen·

259 3141 324 3194 Hist.
343 3137 406 3212 phtt
426 3143 479 3205 XI;
500 3142 570 3194 Stoh.
591 3141 653 3194 Ecll.
676 3140 752 3210 Phys.
775 3144 806 3201 Ι,
827 3160 853 3211 p.
875 3141 931 3194 358.

291 3232 367 3299 (106)
385 3225 423 3283 lie
434 3231 601 3298 Pythagoreis
612 3232 761 3284 Aristoteles
773 3231 800 3283 in
812 3232 881 3284 libro
893 3231 1038 3301 deperdito,
1051 3231 1178 3301 inscripto
1189 3225 1315 3291 Συναγωγή

260 3325 315 3376 τῶν
322 3324 542 3393 Πυθαγορικῶν,
554 3324 671 3377 uadtdtu
683 3325 735 3376 coo
748 3323 814 3376 ὅλου
826 3323 944 3393 eriperes
956 3327 988 3376 τὸ
998 3322 1049 3387 μὲν
1059 3321 1115 3376 ἅνω
1124 3324 1243 3392 λέγουσιν
1252 3312 1315 3375 riso.

260 3419 293 3470 τὸ
313 3417 345 3470 δὲ
364 3421 453 3488 κάτω,
472 3421 520 3472 καὶ
542 3420 573 3469 τὸ
595 3416 717 3481 piissimi
735 3421 786 3469 τοῦ
808 3417 927 3487 οὐρανοῦ
947 3419 1040 3480 δεξιὸν
1062 3409 1152 3483 εἶναι,
1172 3418 1204 3468 τὸ
1221 3413 1250 3470 di
1263 3411 1316 3462 πάϊ*

260 3513 418 3581 ἀριστερὸν,
441 3515 488 3562 καὶ
503 3513 573 3579 ἡμᾶς
588 3513 617 3561 is
636 3513 674 3580 τῷ
689 3509 743 3562 ἄνω
760 3504 840 3562 εἶναι.
858 3512 926 3562 sicut
943 3509 1007 3561 haec
1025 3509 1105 3561 verba
1121 3509 1185 3578 legit
1200 3501 1316 3560 Alexander

259 3603 331 3673 opud
350 3603 464 3673 simplic.
480 3603 513 3654 de
526 3602 620 3664 Coelo,
636 3603 664 3654 in
681 3600 767 3654 Schol.
787 3601 890 3652 Aristot.
907 3599 1000 3650 Brand.
1017 3616 1043 3668 p.
1055 3600 1104 3666 492
1116 3599 1149 3662 h,
1166 3616 1202 3672 sq.
1232 3591 1316 3650 Achille

261 3697 317 3748 Tar.
338 3698 401 3762 Isag.
422 3697 447 3746 in
470 3699 539 3746 Aret.
559 3713 574 3746 c
595 3698 638 3755 ad.
658 3713 684 3764 p.
702 3697 749 3747 88:
773 3695 799 3746 οἱ
815 3694 1009 3764 Πυθαγόρειοι
1028 3697 1107 3754 δεξιὰ
1122 3693 1216 3759 stret
1228 3688 1316 3756 stipem»

262 3789 391 3856 ἀριστερὰ
410 3787 442 3840 δὲ
461 3791 496 3839 τὰ
504 3789 586 3842 νότια
599 3787 764 3840 soloecismi
777 3789 810 3844 δὲ
822 3780 942 3857 ’Όμηρος
954 3791 1034 3849 δεξιὰ
1045 3788 1096 3854 μὲν
1106 3787 1227 3840 scirtari
1236 3781 1317 3832 ἀνατο-

262 3880 340 3944 uss,
356 3883 486 3951 ἀριστερὰ
502 3881 535 3934 δὲ
555 3885 590 3934 τὰ
609 3882 718 3933 δυτικά.
737 3880 790 3934 vid.
804 3881 876 3934 Iliad.
889 3904 924 3946 μ,
943 3880 1000 3948 239.
1032 3880 1185 3932 Plutarchus
1198 3865 1317 3929 temoni-¹·

262 3969 357 4040 aliique
373 3971 530 4040 placitouun
546 3974 688 4043 scriptores
702 3970 876 4038 Pythagoreos
889 3988 948 4024 cum
959 3969 1075 4024 Homero
1085 3966 1262 4021 eonsentientes
1273 3953 1317 4008 ltt't

262 4069 319 4112 unt.
352 4062 390 4113 De
410 4064 540 4132 Aegyptiis
558 4061 689 4116 Plutarch.
707 4063 741 4111 ls.
760 4068 787 4112 et
803 4061 867 4114 Osir.
882 4079 895 4114 c
908 4061 954 4125 32,
967 4061 1011 4112 cit.
1032 4060 1117 4112 Stura.
1129 4054 1231 4125 Emped·
1242 4067 1263 4120 p·
1275 4043 1317 4099 336.

263 4149 346 4204 Multa
366 4166 443 4220 super
460 4151 511 4204 hoc
531 4154 632 4206 Febris.
652 4135 684 4204 ad
704 4149 817 4204 Chaleid.
837 4154 864 4206 in
883 4152 947 4218 rim.
968 4168 993 4220 p.
1014 4150 1070 4204 312.
