2800 4910
253 388 293 446 <58
646 396 709 440 urs
735 395 953 446 surnnocnts

255 568 350 653 licet,
375 561 482 662 qu'ale
506 557 728 657 Empedoclis
746 561 917 660 seloppo
935 565 1045 638 luerit
1064 585 1335 667 argumentum,

254 686 455 758 declaratur
491 683 527 754 id
554 707 639 756 vero
670 684 780 760 etiam
826 687 1023 784 fragmento
1052 688 1231 789 quodam,
1264 717 1335 792 quo

254 807 397 881 illorum
416 805 562 879 initium
583 807 800 881 continetur.
852 806 907 880 Ibi
924 807 984 882 ille
1005 808 1157 908 glorians
1178 810 1279 900 dicit,
1300 838 1334 884 se

253 927 380 1028 oppida
399 929 607 1016 circumire,
632 928 767 1001 oraculi
791 931 902 1004 instar
926 957 1093 1030 responsa
1117 929 1334 1007 consulenti·

251 1048 339 1138 bns,
377 1051 489 1149 aegris
522 1047 677 1122 remedia
700 1049 951 1150 praebentem,
988 1052 1079 1128 dum
1103 1055 1268 1153 undique
1293 1053 1335 1126 ad

252 1197 289 1243 se
314 1172 515 1270 confluant,
592 1203 595 1207 ·

380 1331 416 1382 ut
435 1323 525 1405 opem
544 1323 710 1407 deposcant
729 1296 817 1384 rebus
838 1325 952 1407 egenis,

379 1430 437 1489 Seu
457 1427 568 1512 quibus
591 1424 705 1490 oraclis‘
718 1449 805 1506 usus,
828 1449 880 1490 seu
902 1451 1028 1514 corpora
1049 1451 1179 1514 quonam

296 1517 297 1524 ἵ
376 1535 445 1596 Usta
467 1535 521 1596 diu
542 1537 629 1596 variis
650 1546 798 1619 quaerant
818 1535 923 1596 solatia
942 1533 1055 1598 morbis
1073 1541 1149 1596 19⁷.
1266 1545 1269 1548 '

252 1669 345 1766 Ergo
370 1663 532 1763 καθαρμοὶ
552 1667 769 1740 continuisse
792 1639 1016 1765 potissimum
1038 1664 1208 1759 videntur
1230 1665 1338 1738 ratio-

251 1813 314 1861 nes
343 1801 379 1862 et
408 1801 596 1888 praecepta
625 1786 786 1858 homines
816 1785 951 1858 delictis
978 1785 1213 1887 sordibusque
1242 1813 1338 1886 pur-

251 1909 372 2009 gandi,
389 1909 603 1982 calamitates
625 1922 661 1981 et
679 1907 819 1980 morbos
842 1906 1025 2008 expiandi,
1049 1908 1180 2006 partim
1201 1934 1222 1980 a
1241 1907 1339 1981 divi-

250 2033 413 2123 natione,
441 2032 570 2130 partim
590 2023 618 2102 ¹a
643 2028 798 2113 naturali
821 2016 1023 2128 cognitione
1045 2044 1082 2103 et
1101 2027 1237 2102 medici
1263 2042 1339 2101 arte

195 2218 197 2222 Α
251 2153 377 2250 petita:
411 2132 507 2251 quae
536 2150 662 2224 ambae
686 2165 797 2242 artes,
826 2150 1083 2244 carsendino
1111 2165 1148 2236 et
1176 2127 1341 2248 Ξάτρικήν,

251 2274 444 2348 arctissime
466 2286 570 2346 erant
586 2271 814 2368 conjunctae.
860 2272 1095 2372 Purgationes
1111 2287 1231 2346 autem
1250 2275 1339 2346 istac

250 2395 458 2470 constabant
482 2393 691 2493 praesertim
715 2395 819 2467 sacris
843 2391 1061 2492 quibusdam
1083 2393 1233 2486 ritibus,
1254 2420 1341 2494 pre·

250 2518 367 2609 cibus,
386 2517 544 2616 jejuniis,
567 2530 648 2587 tum
668 2514 920 2604 lavationibus,
940 2511 1340 2613 adspersionibus,suf-

249 2640 423 2734 fimentis,
441 2637 589 2738 aliisque
610 2639 648 2711 id
673 2664 788 2737 genus
810 2638 1011 2726 cerimoniis
1030 2642 1113 2732 ²⁹⁸3
1136 2637 1340 2736 cujusmodi

199 2797 203 2809 ·
250 2763 392 2835 rituum
412 2762 609 2858 praeceptis
629 2744 852 2860 Empedoclis
881 2756 1043 2856 seloppo)
1065 2757 1264 2862 abundasse
1286 2763 1339 2835 vi-

251 2883 398 2956 dentur.
449 2883 505 2952 Eo
533 2897 667 2986 spectat
689 2883 792 2957 ¹baud
821 2880 951 2972 dubie,
974 2880 1074 2982 quod
1093 2880 1181 2956 haec
1210 2883 1341 2954 carmi·

250 3031 297 3078 na
322 3004 459 3104 magiae
480 3019 646 3102 suspecta
670 3005 900 3096 fuerint¹9⁹',
925 3019 961 3078 et
987 3002 1086 3106 quod
1107 3001 1223 3075 eidem
1246 3029 1342 3104 quo·
1375 3097 1379 3102 Ι

250 3154 323 3229 que
345 3128 578 3226 τερατολογὶαι
600 3126 853 3201 attribuuntur
868 3136 950 3199 ²⁰⁰.
1002 3125 1131 3224 Neque
1148 3123 1192 3195 ad
1207 3149 1342 3223 corpus

250 3265 393 3346 tantum
421 3265 458 3323 et
486 3275 543 3324 res
566 3263 732 3323 externas
755 3248 843 3323 haec
864 3245 1113 3348 pertinebant,
1142 3245 1204 3320 sed
1227 3271 1342 3344 prae-

250 3374 372 3444 sertim
394 3372 439 3447 ad
462 3369 575 3459 animi¹
600 3371 867 3471 purgationem,
896 3369 1063 3469 exemplo
1093 3367 1342 3469 Pythagoreo-

249 3519 334 3567 rum
350 3504 432 3568 ²⁰².
485 3494 614 3568 Docuit
636 3491 798 3566 homines
818 3490 1010 3592 iustitiam,
1033 3493 1222 3591 pietatem,
1244 3513 1341 3560 con-

282 3655 356 3722 (¹9⁷)
373 3653 432 3706 vid.
448 3652 557 3722 Emped.
575 3667 625 3704 res.
648 3651 698 3720 395
711 3669 771 3723 sqq.

282 3746 356 3811 (198)
373 3745 456 3806 Leclu,
471 3744 564 3810 dignus
584 3741 631 3793 bac
650 3742 683 3794 de
702 3760 732 3794 re
751 3752 789 3795 est
806 3742 879 3794 loeus
901 3743 1014 3796 Platonis
1032 3741 1130 3808 Crntyl.
1148 3757 1174 3810 p.
1193 3737 1256 3802 405,
1277 3742 1296 3790 Α
1315 3743 1343 3801 tt,

251 3832 284 3884 cl.
300 3833 411 3886 Phaedr.
428 3851 454 3902 p.
473 3833 535 3896 add,
554 3832 577 3884 D
594 3834 623 3883 E.
944 3843 946 3849 ’

283 3922 358 3992 (¹99)
380 3923 439 3976 vid.
458 3923 558 3992 Apulei.
577 3921 682 3990 apolog.
699 3939 724 3990 p.
745 3939 790 3990 ²9¹
812 3923 929 3976 Elmenh.
952 3909 954 3914 ’
985 3971 997 3982 ,.

283 4015 357 4080 (200)
377 4017 396 4065 Α
416 4013 534 4066 cedreno
551 4014 580 4064 t.
597 4015 625 4074 1,
643 4029 669 4079 p.
688 4009 743 4074 157.

283 4104 357 4170 (aot)
374 4103 432 4162 vid.
450 4120 516 4174 quos
534 4103 599 4155 citat
617 4100 700 4152 Stura.
718 4118 745 4171 p.
761 4104 794 4153 80
811 4119 848 4172 sq.
