2796 4914
423 425 461 473 ru
484 425 734 474 nurnnocunn.
1061 413 1124 474 287

56 592 124 668 alia,
146 592 183 652 ad
203 613 279 678 quae
299 592 484 676 explicanda
504 593 618 676 Oedipo
640 613 717 676 opus
737 592 823 653 foret.
866 593 1022 654 Caeterum
1041 592 1127 654 haud

58 697 186 776 dubium,
215 709 374 782 utramque
394 699 563 776 rationem,
591 709 622 761 et
643 695 825 760 valetudinis
844 695 930 758 illam
952 708 982 758 et
1001 698 1127 762 alteram

55 802 194 886 quandam
205 805 299 888 magis
308 804 511 882 reconditam,
521 806 555 866 in
567 805 626 866 hoc
641 814 803 888 praecepto
817 806 1017 887 conjunctam
1026 804 1123 866 luisse.

56 909 118 970 llam
137 931 233 994 quum
253 918 362 993 νάκμος
377 912 436 974 vile
457 923 529 974 esset
548 911 695 994 legumen
716 921 745 970 et
767 909 861 970 cuivis
879 907 1033 991 parabile,
1051 909 1125 970 hinc

55 1012 128 1074 facile
150 1014 183 1076 in
209 1015 469 1101 parentationibus
498 1027 677 1100 usurpatum
703 1026 734 1076 et
756 1013 823 1076 Orci
844 1013 1021 1097 symbolum
1042 1013 1125 1076 habi·

55 1129 117 1196 πνους
137 1142 267 1205 cumque
284 1121 365 1184 idem
383 1143 493 1206 corpus
511 1123 708 1206 animumque
726 1130 839 1204 gravet,
856 1118 944 1178 facile
962 1139 1124 1201 corporeae

54 1225 113 1285 item
135 1225 268 1288 lihidinis
295 1226 471 1310 symbolum
490 1227 593 1290 haberi
611 1227 711 1311 potuit
731 1238 761 1288 et
784 1237 841 1294 νῦν
859 1229 966 1292 αἰδοῖον
986 1225 1121 1307 signum:

55 1340 82 1388 ut
95 1340 199 1410 κυάμου
213 1335 374 1413 &vixerim
391 1332 472 1394 idem
493 1332 553 1394 sere
569 1333 667 1394 valeat
687 1343 777 1416 atque
799 1353 818 1392 o
835 1333 947 1394 Venere
960 1343 1125 1412 temperun-

55 1436 129 1494 dum!
168 1439 205 1497 ln
232 1436 315 1498 hanc
341 1438 520 1499 sententiam
548 1437 638 1500 multi
658 1448 769 1500 veteres
795 1435 985 1520 Empedoclis
1005 1457 1122 1497 versum

54 1540 221 1622 interpretati
252 1554 343 1619 sunt,
373 1553 446 1606 teate
475 1543 570 1605 Gellio
599 1544 621 1606 l.
653 1544 674 1605 l.
697 1545 750 1628 qui
772 1542 893 1619 dixere,
915 1551 1042 1622 κυάμους
1063 1540 1124 1602 hoc

54 1643 108 1704 loco
130 1647 280 1709 testiculae
306 1647 493 1731 significare,
524 1669 633 1734 eosque
657 1646 917 1732 Pythagoreorum
938 1669 1020 1708 more
1039 1667 1124 1730 sym·

55 1747 134 1812 bolico
162 1753 204 1814 ita
235 1753 423 1837 appellatos,
454 1755 526 1840 quia
554 1755 614 1816 sint
642 1761 682 1831 οῖς
713 1763 747 1822 rt
767 1763 844 1823 κυιῗν
864 1761 948 1823 δεινοὶ
967 1762 1018 1821 eat
1037 1761 1123 1821 άίτιοι

56 1865 96 1940 κοῦ
121 1867 200 1926 κυεῖν.
245 1860 352 1944 Itaque
380 1858 594 1942 Empedoclem
626 1861 660 1921 in
688 1860 749 1921 hoc
774 1881 861 1922 vorsu
891 1859 1030 1920 homines
1056 1879 1123 1920 nou

56 1964 154 2044 proprie
174 1987 192 2026 a
212 1964 320 2026 l'ahulo
340 1965 478 2042 edendo,
500 1965 552 2028 sed
573 1987 590 2026 a
610 1967 654 2026 rei
663 1967 815 2027 Venereae
835 1964 974 2049 proluvio
995 1963 1123 2026 voluisse

55 2065 190 2144 deducere.
233 2071 316 2130 Haec
346 2069 433 2132 Gellii
465 2071 673 2153 interpretatio
701 2069 784 2131 haud
815 2091 886 2131 sane
915 2068 1123 2154 improbabilis

55 2181 95 2232 est.
128 2175 275 2236 Derivatio
295 2175 377 2236 enim
397 2176 479 2237 vocis
497 2183 605 2257 κάκμος
627 2183 739 2243 aedera
759 2196 825 2238 non
841 2156 943 2236 aliena
957 2197 975 2236 a
988 2173 1124 2258 philoso-

56 2273 163 2354 phorum
188 2280 273 2341 illiue
299 2281 443 2362 temporie
462 2281 602 2364 ingenim
632 2282 819 2367 quinetiam
837 2280 955 2362 vulgari
976 2301 1032 2340 usu
1052 2307 1123 2348 eoa.

54 2386 123 2462 νίζον
141 2382 286 2444 dicuntur
306 2383 427 2466 puillae
448 2385 532 2469 quasi
552 2397 748 2468 torpescentes
764 2407 787 2446 s.
801 2385 865 2447 viro
886 2395 1031 2446 maturae.
1071 2385 1120 2447 Ab

56 2485 139 2548 eadem
165 2509 236 2551 vero
267 2489 321 2550 illa
350 2499 403 2556 coti
433 2499 542 2571 κυάμου
569 2491 790 2574 significatione
819 2490 909 2551 etiam
939 2489 998 2550 alia
1027 2489 1121 2575 hujus

57 2595 183 2677 praecepti
208 2595 375 2679 explicatio
403 2595 475 2656 duci
500 2606 611 2679 potest,
640 2617 706 2657 non
726 2595 847 2658 moralis
866 2595 936 2674 illa,
958 2595 1009 2658 sed
1028 2606 1121 2657 natu·

56 2694 123 2771 ralis,
155 2723 232 2784 quae
264 2702 368 2762 nescio
399 2723 440 2762 an
470 2701 660 2784 Empedoclis
690 2703 786 2764 menti
820 2702 914 2784 magis
949 2683 1118 2762 conveniat.

57 2796 162 2882 laneat,
180 2816 308 2886 κυάμους
328 2805 494 2890 symbolice
518 2809 669 2868 testiculos
693 2805 881 2889 significare3
903 2811 970 2892 jam
989 2806 1120 2868 testiculi

56 2917 113 2993 tunt
125 2912 196 2974 vitae
218 2914 319 2995 origo:
340 2912 455 2974 idcirco
475 2913 567 2995 igitur
589 2912 671 2974 nasas
692 2911 813 2974 duxerit
833 2911 1029 2995 Empedocles
1049 2923 1119 2980 νυοί.

55 3035 108 3087 μους
132 3025 252 3100 tangere
263 3063 273 3094 ,
302 3018 374 3100 quia
402 3016 458 3078 hos
483 3017 602 3080 edendo
629 3017 714 3104 quasi
734 3018 811 3078 vitae
832 3028 950 3078 nostrae
970 3018 1118 3101 originem

56 3114 208 3184 insultemus
231 3134 263 3184 et
284 3122 456 3206 perdamus.
498 3124 543 3186 Oh
564 3122 694 3186 eandem
714 3122 864 3182 rationem
885 3120 974 3182 multi
995 3121 1117 3204 Orphici

57 3231 78 3279 tt
100 3223 284 3310 Pythagorici
308 3217 347 3289 alo
368 3230 431 3291 osis
451 3251 591 3314 quoque,
623 3229 696 3288 item
716 3225 755 3288 ab
776 3225 955 3286 animalium
975 3224 1117 3301 cerebro,

57 3327 165 3391 medulla
174 3377 187 3407 ς
216 3332 323 3410 corde,
350 3334 475 3418 aliisque
495 3333 647 3418 partibus,
674 3332 709 3391 in
729 3330 839 3415 quibus
859 3330 1020 3412 praecipue
1039 3333 1118 3392 vitae

57 3431 88 3490 vis
98 3433 173 3513 insit,
189 3437 340 3500 abstinere
349 3441 515 3524 jusserunt.
536 3443 603 3517 Quo
617 3447 732 3522 spectat
745 3433 899 3499 Plutarchi
910 3435 996 3496 locue
1009 3435 1118 3518 Symp.
1185 3467 1187 3472 ·

57 3533 91 3611 ll,
108 3541 137 3616 3,
157 3545 255 3626 princ.
277 3568 310 3628 p.
333 3546 410 3623 519,
432 3545 485 3606 ubi
506 3554 624 3622 narrat,
646 3565 676 3606 ee
697 3540 863 3626 aliquando
884 3539 923 3600 ah
943 3539 1005 3601 oris
1026 3537 1118 3599 ahsti·

57 3654 158 3707 nentem
187 3651 319 3713 convivis
349 3653 383 3712 in
413 3651 616 3736 suspicionem
644 3649 775 3725 venisse,
805 3650 953 3746 Ιἔνέχευάιιι
981 3649 1118 3727 styma

59 3742 176 3830 Ὀιφῑκθῗς
200 3759 217 3828 l
246 3766 465 3840 Πυθαγορικοῖς,
497 3764 546 3824 καὶ
573 3764 607 3823 rt
635 3760 704 3830 elle.
732 3759 823 3834 ὅπερ
848 3757 914 3818 ἔνιοι
937 3756 1050 3834 καρδίαν
1071 3759 1120 3818 eat

58 3856 211 3939 ἐγκέφαλοι,
234 3867 357 3946 ἀρχὴν
377 3873 527 3947 ἣνοάμευις
547 3869 746 3944 γενέσιος.
769 3848 960 3938 ἀφοσιοῦσθαι.
1002 3857 1118 3936 (luil‘¹¹⁸

60 3956 174 4049 deinceps
201 3967 278 4030 haec
308 3970 408 4032 addit:
441 3980 489 4038 eet
517 3975 667 4052 προῦφερεν
688 3967 877 4047 Ἀλέξανδρος
898 3970 912 4029 l
933 3965 1118 4045 Ἐπικούρειος

60 4068 93 4130 iti
108 4081 207 4150 νέλιουι
236 4086 270 4145 rt
299 4080 376 4146 ”leia
397 4106 442 4146 rot
464 4087 585 4161 κυάμους
604 4081 690 4144 ἔσθειν
711 4077 845 4156 κεφαλάς
863 4099 898 4140 οι
918 4068 1061 4147 rodus?
1080 4078 1117 4144 tls
1190 4071 1192 4076 ¹
