2776 4916
439 415 473 462 rr
499 417 750 464 nnrnnocnmc.
1078 408 1142 468 257

70 588 244 658 λεηοοόοαος
273 613 312 626 -
341 579 499 662 adjective.
539 581 570 642 Si
592 591 723 642 metrum
746 578 844 640 snlcro
864 581 1018 664 indigeat,
1041 587 1141 668 potius

69 687 192 770 legerim:
210 696 320 768 λεποῆς
335 691 374 752 sla
392 691 429 754 ll·
447 686 494 746 Vel
511 697 649 768 λοπτῇσον
664 687 695 768 γ’
711 692 841 767 tetrico,
856 687 939 770 quod
950 688 1098 752 Beklrerus
1109 692 1143 752 in

69 815 123 852 uno
141 793 207 853 cod.
225 804 394 854 correctum
409 792 525 852 invenit
534 815 548 878 ςΙ
561 792 612 853 sed
628 813 694 852 non
711 813 830 853 necesse
845 790 978 853 videtur:
996 793 1034 854 of.
1052 815 1143 876 snpra

70 895 102 955 ad
113 917 163 958 rss.
179 896 284 958 81-83.
296 929 338 944 -
348 903 496 979 λοχάζονο
513 897 608 958 activa
622 906 767 978 potestate
783 895 1012 978 accipiendum,
1026 908 1060 958 ut
1076 919 1144 958 sen-

68 1021 107 1060 sus
116 1002 232 1086 proprie
242 1000 293 1062 hic
303 1002 349 1062 sit:
363 1003 440 1084 ignis
452 1000 548 1062 oculis
554 1000 690 1062 inclusus
698 999 850 1084 pupulam
858 1001 1038 1062 tenuissimis
1048 1023 1142 1068 mem·

66 1102 153 1166 branis
173 1118 315 1187 tuaquom
335 1108 547 1186 speculatorem
567 1106 706 1182 occuluit,
725 1108 825 1186 sepsit.
867 1106 935 1168 lam
956 1106 1141 1189 pupulam

67 1211 156 1292 sepsit,
175 1211 257 1272 idem
278 1211 344 1274 vult
365 1231 401 1270 ac
421 1211 445 1270 si
467 1209 601 1286 dixisset,
623 1230 701 1270 sese
716 1211 819 1292 sepsite
835 1210 1046 1292 pupulaenim
1061 1211 1143 1272 oculi

66 1314 148 1376 aciem
168 1315 305 1402 continet
326 1325 415 1400 atque
435 1316 500 1397 ipsa
523 1313 599 1375 adeo
622 1314 703 1374 oculi
724 1313 778 1374 fax
793 1324 845 1376 est.
888 1315 937 1376 Sic
950 1315 1042 1400 igitur
1054 1316 1142 1378 nulla

67 1428 102 1477 est
118 1440 231 1494 caussa,
254 1442 310 1480 our
324 1441 395 1480 cum
409 1417 593 1480 Schneidero
606 1417 680 1480 Ecll.
696 1417 786 1500 Phys.
800 1439 832 1501 p.
846 1413 925 1495 330,
940 1434 1006 1502 post
1018 1428 1142 1504 ὠγύγιον

67 1533 110 1605 alp
128 1526 270 1586 lacunam
292 1542 351 1585 esse
373 1517 523 1606 putemus.
545 1557 586 1570 -
605 1529 739 1590 alaim
759 1532 870 1606 κούροιν,
893 1526 913 1586 i·
938 1547 965 1586 e·
983 1535 1142 1602 scamonii,

66 1631 204 1692 Eustathio
225 1632 260 1690 in
282 1628 387 1712 Odyss.
410 1659 446 1704 οι,
467 1649 498 1711 p.
523 1628 616 1705 1392,
637 1629 694 1705 37,
716 1641 744 1690 et
765 1659 798 1706 v,
817 1653 847 1714 p.
873 1630 966 1708 1881,
986 1633 1041 1709 26,
1059 1633 1142 1696 istud

66 1743 168 1812 οὔκλοψ
188 1735 291 1820 lepide
312 1744 341 1794 et
362 1745 448 1794 acute
468 1738 610 1813 (δρομέως)
632 1733 749 1796 dictum
769 1736 901 1814 ridetur,
930 1739 1014 1820 qnasi
1040 1749 1141 1803 trans-

66 1842 147 1902 latum
166 1848 199 1908 ἐν
220 1843 277 1907 τοῦ
297 1846 464 1914 Κύκλωπος.
507 1841 599 1900 Nimis
621 1851 707 1900 acute
727 1840 873 1922 prolecto.
918 1903 919 1909 χ

98 1949 140 2006 Vs.
160 1947 222 2008 ³09
245 1968 292 2030 sq·
335 1939 367 2012 al
389 1945 415 2010 δ’
443 1947 548 2025 ὕδατος
575 1959 628 2024 μὲν
647 1951 740 2024 alatae
761 1951 846 2022 κτλ.)
885 1947 962 2008 Cum
984 1947 1042 2020 hoc
1064 1969 1141 2010 con-

66 2053 128 2112 cinit
145 2051 340 2113 Alcmaeonis
368 2048 447 2108 illud
478 2050 560 2133 apud
588 2049 785 2132 Theophrast.
815 2051 852 2114 de
883 2054 996 2128 Sensu,
1031 2053 1053 2135 5
1085 2054 1143 2124 26:¹
1263 2105 1270 2120 ,

66 2161 218 2237 totarum,
250 2160 290 2222 δὲ·
310 2162 373 2238 ipris
401 2160 449 2224 tn
476 2165 530 2224 τοῦ
557 2159 666 2237 seipsi
696 2160 838 2238 ὕδατος·
868 2163 911 2224 ὅτι
936 2159 962 2223 3'
982 2163 1046 2240 ἕχον
1069 2168 1142 2240 νῦν,

65 2269 134 2337 ἧλον
152 2265 232 2335 εἶναι,
280 2263 349 2322 Post
368 2282 409 2320 vs.
432 2260 492 2322 310
514 2261 675 2346 ahruptam
695 2283 755 2323 esse
777 2263 973 2339 sententiam,
988 2285 1052 2326 non
1067 2285 1143 2348 opus

67 2381 102 2430 est
119 2371 249 2431 monitu.

98 2478 141 2537 Vs.
161 2477 236 2538 311.
279 2483 333 2553 μίοι
352 2482 428 2556 γίγν.
450 2478 526 2554 ἀμφ.
548 2479 608 2552 33.)
649 2477 726 2537 Citat
745 2476 805 2538 hoc
827 2488 942 2558 praeter
964 2476 1142 2552 Strabonem

68 2579 225 2642 Aristoteles
247 2582 328 2642 Po‘e't.
350 2602 377 2640 c.
401 2580 436 2640 21
461 2579 663 2662 (Graefenh.),
686 2592 811 2665 uterque
831 2592 977 2665 tanquam
993 2603 1142 2665 apocopes

68 2688 244 2771 exemplum,
259 2715 261 2720 s
276 2687 364 2768 cujus
392 2685 508 2766 generis
536 2684 632 2745 multa
655 2684 741 2746 affert
761 2685 866 2746 Strabo
886 2685 908 2746 1.
923 2686 944 2746 l.
966 2721 1008 2734 -
1026 2693 1064 2765 ’όψ
1085 2709 1140 2772 pro

66 2796 118 2869 ldie
136 2792 212 2852 dixit
233 2791 324 2851 etiarn
345 2789 561 2865 Antimachus,
581 2789 617 2848 fr.
640 2790 700 2866 Lv,
721 2811 751 2873 p.
775 2790 814 2850 94
836 2790 1008 2854 schenenh.

98 2899 141 2959 Vs.
163 2900 235 2961 312.
282 2901 348 2976 τῇδε
376 2909 428 2974 μὲν
457 2898 504 2962 οὖν
534 2900 617 2971 κτλ.)
657 2896 838 2957 Particulom
866 2900 913 2964 ode
939 2901 1026 2958 metri
1048 2901 1141 2980 gratia

67 3005 173 3067 inserui.
215 3002 365 3087 Exemplo
385 3012 428 3062 est
450 3001 499 3062 hic
519 3021 768 3084 quoqueversus,
782 3014 932 3086 quantum
946 3003 1016 3062 Fors
1031 3025 1141 3064 secun-

68 3109 130 3170 dum
148 3106 367 3192 Empedoclem
388 3107 421 3164 in
442 3126 543 3166 rerum
564 3115 672 3165 natura
693 3106 797 3167 valeat.

100 3217 144 3276 Vs.
164 3215 239 3276 313.
283 3222 379 3280 πάντα
392 3216 543 3293 peccem)
584 3211 691 3272 Sextus
703 3211 724 3272 l.
740 3212 760 3271 l·
778 3211 864 3272 dicit:
880 3215 1074 3293 Ἐμπεδοκλῆς
1087 3268 1095 3281 .
1110 3269 1138 3283 ..

67 3329 150 3388 πάντα
169 3325 248 3402 ilion
268 3329 376 3401 λογοκὶ
396 3328 566 3400 τυγχάνειν,
590 3328 639 3384 καὶ
656 3325 686 3385 οὐ
701 3327 760 3402 ζῶον
772 3326 869 3400 μόνον,
889 3327 972 3387 ἄλλοι
984 3333 1032 3388 aa?
1045 3330 1136 3404 Φντοί.

66 3425 382 3500 lnimidvertendnm,
410 3426 443 3485 in
471 3424 530 3486 hoc
553 3427 668 3508 placito
697 3438 858 3486 mentem
885 3448 902 3486 a
930 3449 1046 3488 sensu
1074 3451 1139 3490 non

68 3527 209 3614 distingui.
251 3535 379 3611 νάματος
400 3533 487 3606 cicc,
509 3541 653 3612 utsupra
674 3551 715 3590 vs.
737 3531 814 3608 252,
836 3539 925 3609 οὔδεος
950 3536 1026 3600 alca.
1071 3523 1072 3527 Ἰ
1109 3578 1110 3582 =

100 3638 145 3697 VS·
158 3637 231 3698 314·
258 3647 306 3702 acl
325 3644 439 3707 calloo
457 3652 509 3718 μὲν
529 3641 612 3712 κτλ.)
636 3637 707 3712 Quis
728 3637 763 3697 sit
777 3637 887 3698 horum
901 3637 1059 3699 verborum
1073 3661 1141 3700 sen-

69 3761 126 3817 sus,
149 3753 233 3802 certo
256 3742 355 3806 dicere
374 3743 509 3821 difficile3
527 3741 683 3826 probabile
699 3763 782 3818 vero,
801 3742 838 3803 de
859 3743 961 3809 animo
980 3744 1027 3804 vel
1045 3745 1141 3829 oculis

68 3841 131 3906 haee
151 3848 231 3923 dici,
254 3859 343 3931 atque
364 3847 440 3908 adeo
461 3848 642 3908 sententiam
662 3847 703 3906 ita
724 3846 941 3928 supplendam:
964 3868 1025 3928 quo
1038 3850 1141 3928 tenui·

39 3979 43 3984 ¹
68 3948 157 4012 oribus
183 3974 225 4012 ex
251 3952 385 4034 partibus
411 3951 463 4012 ille
485 3953 544 4012 sint
565 3951 713 4026 conflata,
738 3972 773 4010 eo
795 3963 865 4014 sunt
885 3951 1019 4012 acutiora
1039 3964 1068 4014 et
1088 3974 1141 4013 ve-

68 4048 185 4133 lociora3
207 4061 259 4139 ὅσῳ
280 4062 314 4125 rto
334 4065 499 4139 ἀραιότερον,
517 4065 587 4141 clep
608 4059 729 4139 ὀξύτεροι
751 4066 800 4123 acl
816 4065 1015 4139 stacteum„
1038 4057 1140 4119 Caete-

100 4160 151 4222 111.
981 4162 1018 4257 ον
