2768 4910
505 408 745 460 annosorum.
1097 395 1162 458 ³8⁰

81 578 182 653 sicut
213 577 357 678 globum
390 573 556 676 undique
580 575 765 676 aequalem
786 586 823 646 et
849 575 1061 672 perfectum.
1115 577 1163 648 Et

81 700 122 772 in
159 698 312 773 similem
346 697 422 770 fere
455 693 687 788 sententiam,
720 719 942 796 quamquam
977 694 1165 768 nonnullis

82 818 248 916 partibus
280 821 521 909 immutatam,
547 829 710 890 veterum
734 813 900 889 nonnulli
921 816 1163 914 interpretum

81 954 313 1039 acceperunt.
365 938 417 1010 Ita
437 937 605 1038 syrianus
618 939 684 985 ²⁰⁶
710 934 983 1034 »Empedoclem
1005 937 1106 1027 dicit,
1127 951 1164 1010 et

82 1060 381 1161 »Pythagoricum
414 1059 623 1132 existentem
653 1075 689 1130 et
716 1057 933 1157 Orphicum,
960 1081 1166 1156 supponere

82 1179 258 1280 »quidem
292 1195 370 1278 post
403 1204 544 1254 unum
572 1181 825 1254 universorum
856 1178 1089 1276 principium,
1119 1176 1169 1250 de

81 1326 184 1401 »quo
206 1327 274 1375 nec
294 1302 369 1400 ipse
393 1325 460 1374 nec
478 1298 707 1374 Parmenides
728 1324 796 1372 nec
817 1297 1030 1400 Pythagoras
1053 1295 1165 1394 juhe-

81 1419 200 1494 »bant
219 1421 283 1495 sihi
304 1419 455 1496 rationes
473 1420 623 1521 deposci,
641 1421 729 1494 haec
749 1420 832 1494 duo
849 1417 953 1518 plura
974 1419 1166 1517 principia,

82 1542 369 1616 »Amicitiam
393 1555 430 1616 et
451 1544 616 1636 Litem‚
639 1567 729 1642 quas
748 1538 968 1642 Pythagorici
989 1541 1168 1613 unitatem

84 1676 149 1738 »et
169 1662 379 1736 dualitatem
400 1662 649 1751 nominabant,
670 1662 934 1736 interminatam
960 1661 1071 1760 ipsam
1096 1659 1172 1758 (rip

83 1785 263 1883 »ἀόριστον
284 1781 413 1882 doside)
429 1797 595 1858 vocantes
610 1781 656 1856 ob
677 1782 870 1882 potentiam
891 1783 928 1854 in
953 1783 1167 1858 universum

84 1921 360 2004 »occupantem
396 1908 453 1979 Ex
474 1905 528 1978 his
549 1930 635 1979 vero
650 1904 831 2004 principiis
850 1919 887 1976 et
909 1901 1171 2002 intelligibilem

84 2025 294 2100 »mundum
312 2050 496 2124 emergere
510 2039 547 2098 et
561 2023 798 2098 sensibilem.''
847 2023 1061 2123 Simplicius:
1089 2027 1169 2121 Ἐμ-

84 2145 255 2236 walemir
406 2145 480 2224 dd»
513 2144 545 2221 ἓν
578 2149 645 2226 τοῖς
681 2146 863 2244 στοιχείοις
896 2142 1174 2228 {resciscere

86 2265 305 2365 ὑποθέμενος,
339 2266 454 2367 θερμοῦ
490 2271 548 2343 καὶ
578 2263 738 2370 ψυχροῦ,
773 2275 872 2368 ὑγροῦ
900 2271 956 2342 »ol
984 2267 1096 2366 ξηρὸῦ,
1124 2271 1168 2351 eir

85 2393 188 2488 μίαν
220 2387 370 2470 rhodio
398 2396 668 2489 συνεκορῦφωσε,
690 2392 760 2481 τὴν
783 2401 859 2466 τοῦ
889 2393 1070 2472 Naissus
1095 2394 1173 2467 »ci

87 2517 163 2603 τῆς
195 2515 367 2626 φιλίας,
398 2513 505 2610 ὥσπερ
537 2516 604 2618 »at-
621 2518 742 2602 ταύτην
766 2515 810 2595 eia
833 2510 1010 2610 pavida
1033 2515 1089 2605 rh»
1112 2517 1176 2604 τῆς

86 2633 256 2734 Ἀνάγκης
270 2645 350 2712 ²⁰⁷.
399 2638 473 2728 Qui
490 2635 580 2709 illud
599 2649 695 2708 certe
715 2634 807 2709 hene
819 2635 1034 2710 intellexisse
1046 2636 1171 2710 viden·

86 2772 162 2844 tur,
178 2772 215 2830 et
242 2757 426 2855 sphaeram
450 2771 486 2830 et
501 2783 640 2830 caussas
656 2772 839 2833 moventes
855 2772 892 2831 et
905 2757 1080 2832 elementa
1096 2783 1170 2832 non

87 2879 158 2950 nisi
183 2879 324 2976 species.
343 2904 418 2951 ease
452 2903 577 2950 aarum
601 2905 725 2952 rerum
747 2904 841 2979 quae
862 2903 928 2976 per
956 2881 1174 2952 universum·

88 2999 241 3072 diffusae
258 3013 474 3073 cernuntur.
511 2998 618 3091 Quod
635 3025 719 3074 vero
732 2999 838 3072 iidem
855 2998 1077 3098 Empedoclis
1089 2997 1172 3073 docss

89 3122 222 3192 trinam
249 3119 292 3192 ad
315 3119 580 3220 Pythagoricam
605 3122 778 3193 rationem
802 3134 991 3212 revocant,
1009 3167 1055 3181 -
1079 3121 1175 3195 illud

89 3241 240 3343 quidem
270 3267 355 3314 cum
386 3239 614 3342 Pythagoreis
645 3266 837 3314 commune
865 3240 993 3331 hahet,
1015 3241 1112 3341 quod
1133 3257 1172 3316 et
1207 3214 1218 3394 i

90 3388 233 3436 unum
267 3376 304 3435 et
337 3362 479 3436 multa
506 3364 590 3437 facit
611 3377 762 3436 naturae
782 3361 955 3460 principia
971 3366 1052 3455 ²0⁸3
1071 3363 1175 3463 quod

90 3510 178 3560 vcro
212 3483 446 3558 monadem
484 3500 520 3557 et
549 3481 739 3591 dyadem
776 3496 813 3555 et
851 3484 1082 3558 tetradem
1119 3483 1171 3558 illi
1220 3495 1232 3654 y

91 3603 315 3698 attribuunt,
359 3607 517 3705 argutiae
560 3619 646 3678 sunt
685 3603 1074 3697 Neo-Platonicorum,
1104 3612 1176 3708 qui·

122 3809 200 3873 (206)
220 3810 318 3876 Syrian.
338 3812 364 3863 in
386 3813 482 3864 aristot
502 3811 618 3882 Motaph.
642 3814 683 3872 lt,
704 3813 721 3861 f.
744 3810 774 3861 3»
795 3811 818 3860 lt.

122 3902 200 3964 (aaa)
218 3900 331 3968 simplic.
352 3898 427 3968 Phys.
446 3904 471 3960 1,
494 3901 511 3952 f.
533 3902 565 3962 43
590 3907 614 3952 Α.

117 3989 200 4063 [208]
217 3988 255 4038 De
270 3987 491 4055 Pythagoreorum
511 3991 639 4042 seritentia
658 3989 830 4042 mernorahilia
850 3997 888 4040 est
906 3993 1056 4058 praesertim
1075 3995 1175 4048 Eudori

92 4075 163 4128 heus
183 4076 253 4146 apud
274 4078 450 4146 Simplicium,
474 4081 546 4147 Phys.
568 4082 584 4131 s.
608 4083 640 4148 39
662 4085 686 4130 Α.
