<?xml version="1.0" encoding="UTF-8"?>
<!DOCTYPE html PUBLIC "-//W3C//DTD XHTML 1.0 Transitional//EN"
    "http://www.w3.org/TR/xhtml1/DTD/xhtml1-transitional.dtd">
<html xmlns="http://www.w3.org/1999/xhtml" xml:lang="en" lang="en">
 <head>
  <title>
</title>
<meta http-equiv="Content-Type" content="text/html;charset=utf-8" />
  <meta name='ocr-system' content='tesseract 3.04.00' />
  <meta name='ocr-capabilities' content='ocr_page ocr_carea ocr_par ocr_line ocrx_word'/>
</head>
<body>
  <div class='ocr_page' id='page_1' title='image "./philosophorumgr00karsgoog_0176.png"; bbox 0 0 2756 4912; ppageno 0'>
   <div class='ocr_carea' id='block_1_1' title="bbox 437 429 1137 492">
    <p class='ocr_par' dir='ltr' id='par_1_1' title="bbox 437 429 1137 492">
     <span class='ocr_line' id='line_1_1' title="bbox 437 429 1137 492; baseline 0.009 -7"><span class='ocrx_word' id='word_1_1' title='bbox 437 435 473 486; x_wconf 80' lang='grc' dir='ltr'><strong><em>ιν</em></strong></span> <span class='ocrx_word' id='word_1_2' title='bbox 499 435 750 489; x_wconf 77' lang='lat' dir='ltr'>nurnnocneu.</span> <span class='ocrx_word' id='word_1_3' title='bbox 1076 429 1137 492; x_wconf 79' lang='grc'>165</span> 
     </span>
    </p>
   </div>
   <div class='ocr_carea' id='block_1_2' title="bbox 59 600 1138 1521">
    <p class='ocr_par' dir='ltr' id='par_1_2' title="bbox 59 600 1138 1521">
     <span class='ocr_line' id='line_1_2' title="bbox 61 600 1136 686; baseline 0.007 -24"><span class='ocrx_word' id='word_1_4' title='bbox 61 601 105 662; x_wconf 79' lang='lat' dir='ltr'>rit.</span> <span class='ocrx_word' id='word_1_5' title='bbox 125 622 183 662; x_wconf 90' lang='lat' dir='ltr'>aer.</span> <span class='ocrx_word' id='word_1_6' title='bbox 205 600 296 661; x_wconf 91' lang='lat' dir='ltr'>alien.</span> <span class='ocrx_word' id='word_1_7' title='bbox 320 609 420 678; x_wconf 70' lang='grc' dir='ltr'><strong><em>πόρτις</em></strong></span> <span class='ocrx_word' id='word_1_8' title='bbox 440 608 472 669; x_wconf 70' lang='grc' dir='ltr'>δὲ</span> <span class='ocrx_word' id='word_1_9' title='bbox 492 605 606 684; x_wconf 61' lang='lat' dir='ltr'>glarie,</span> <span class='ocrx_word' id='word_1_10' title='bbox 628 606 735 666; x_wconf 82' lang='lat' dir='ltr'>omisso</span> <span class='ocrx_word' id='word_1_11' title='bbox 758 609 803 681; x_wconf 71' lang='grc' dir='ltr'>ἑςρ</span> <span class='ocrx_word' id='word_1_12' title='bbox 824 605 957 666; x_wconf 86' lang='lat' dir='ltr'>similiter</span> <span class='ocrx_word' id='word_1_13' title='bbox 977 605 1136 686; x_wconf 53' lang='lat' dir='ltr'>Eusebium</span> 
     </span>
     <span class='ocr_line' id='line_1_3' title="bbox 62 705 1138 788; baseline 0.007 -24"><span class='ocrx_word' id='word_1_14' title='bbox 62 705 182 788; x_wconf 90' lang='lat' dir='ltr'>denique</span> <span class='ocrx_word' id='word_1_15' title='bbox 203 708 366 787; x_wconf 89' lang='lat' dir='ltr'>posteriore</span> <span class='ocrx_word' id='word_1_16' title='bbox 387 707 457 768; x_wconf 90' lang='lat' dir='ltr'>loco</span> <span class='ocrx_word' id='word_1_17' title='bbox 477 708 554 767; x_wconf 88' lang='lat' dir='ltr'>Plut.</span> <span class='ocrx_word' id='word_1_18' title='bbox 577 714 749 784; x_wconf 54' lang='lat' dir='ltr'>bunun,</span> <span class='ocrx_word' id='word_1_19' title='bbox 773 709 866 768; x_wconf 88' lang='lat' dir='ltr'>altero</span> <span class='ocrx_word' id='word_1_20' title='bbox 885 715 957 785; x_wconf 58' lang='lat' dir='ltr'>lm„</span> <span class='ocrx_word' id='word_1_21' title='bbox 975 709 1047 770; x_wconf 90' lang='lat' dir='ltr'>item</span> <span class='ocrx_word' id='word_1_22' title='bbox 1067 712 1138 774; x_wconf 75' lang='lat' dir='ltr'>llus.</span> 
     </span>
     <span class='ocr_line' id='line_1_4' title="bbox 61 810 1136 895; baseline 0.007 -27"><span class='ocrx_word' id='word_1_23' title='bbox 61 810 106 869; x_wconf 90' lang='lat' dir='ltr'>sed</span> <span class='ocrx_word' id='word_1_24' title='bbox 128 816 272 878; x_wconf 83' lang='grc' dir='ltr'><strong><em>ιἰιέπτνοο</em></strong></span> <span class='ocrx_word' id='word_1_25' title='bbox 289 813 519 874; x_wconf 82' lang='lat' dir='ltr'>convenientius</span> <span class='ocrx_word' id='word_1_26' title='bbox 540 812 579 874; x_wconf 93' lang='lat' dir='ltr'>de</span> <span class='ocrx_word' id='word_1_27' title='bbox 600 815 676 873; x_wconf 86' lang='lat' dir='ltr'>mari</span> <span class='ocrx_word' id='word_1_28' title='bbox 696 814 729 872; x_wconf 88' lang='lat' dir='ltr'>in</span> <span class='ocrx_word' id='word_1_29' title='bbox 751 823 862 874; x_wconf 84' lang='lat' dir='ltr'>terrem</span> <span class='ocrx_word' id='word_1_30' title='bbox 884 815 1030 895; x_wconf 74' lang='lat' dir='ltr'>ejiciente.</span> <span class='ocrx_word' id='word_1_31' title='bbox 1072 814 1136 876; x_wconf 86' lang='lat' dir='ltr'>Hac</span> 
     </span>
     <span class='ocr_line' id='line_1_5' title="bbox 61 915 1136 1000; baseline 0.007 -26"><span class='ocrx_word' id='word_1_32' title='bbox 61 926 152 976; x_wconf 87' lang='lat' dir='ltr'>autern</span> <span class='ocrx_word' id='word_1_33' title='bbox 168 918 334 1000; x_wconf 88' lang='lat' dir='ltr'>jactatione</span> <span class='ocrx_word' id='word_1_34' title='bbox 355 936 411 1000; x_wconf 88' lang='lat' dir='ltr'>per</span> <span class='ocrx_word' id='word_1_35' title='bbox 431 916 545 978; x_wconf 84' lang='lat' dir='ltr'>diversa</span> <span class='ocrx_word' id='word_1_36' title='bbox 565 917 713 978; x_wconf 90' lang='lat' dir='ltr'>elementa</span> <span class='ocrx_word' id='word_1_37' title='bbox 733 915 862 998; x_wconf 79' lang='lat' dir='ltr'>intelligi</span> <span class='ocrx_word' id='word_1_38' title='bbox 881 927 956 999; x_wconf 89' lang='lat' dir='ltr'>puto</span> <span class='ocrx_word' id='word_1_39' title='bbox 969 915 1136 980; x_wconf 83' lang='lat' dir='ltr'>formarunt</span> 
     </span>
     <span class='ocr_line' id='line_1_6' title="bbox 60 1020 1137 1108; baseline 0.006 -30"><span class='ocrx_word' id='word_1_40' title='bbox 60 1023 264 1097; x_wconf 82' lang='lat' dir='ltr'>mutationem,</span> <span class='ocrx_word' id='word_1_41' title='bbox 291 1043 352 1106; x_wconf 89' lang='lat' dir='ltr'>qua</span> <span class='ocrx_word' id='word_1_42' title='bbox 374 1020 536 1082; x_wconf 87' lang='lat' dir='ltr'>daemones</span> <span class='ocrx_word' id='word_1_43' title='bbox 556 1021 604 1081; x_wconf 90' lang='lat' dir='ltr'>isti</span> <span class='ocrx_word' id='word_1_44' title='bbox 624 1021 717 1081; x_wconf 88' lang='lat' dir='ltr'>modo</span> <span class='ocrx_word' id='word_1_45' title='bbox 737 1022 770 1082; x_wconf 89' lang='lat' dir='ltr'>in</span> <span class='ocrx_word' id='word_1_46' title='bbox 791 1022 904 1098; x_wconf 70' lang='lat' dir='ltr'>adrias,</span> <span class='ocrx_word' id='word_1_47' title='bbox 926 1023 1019 1084; x_wconf 89' lang='lat' dir='ltr'>modo</span> <span class='ocrx_word' id='word_1_48' title='bbox 1039 1045 1137 1108; x_wconf 82' lang='lat' dir='ltr'>eque·</span> 
     </span>
     <span class='ocr_line' id='line_1_7' title="bbox 61 1123 1137 1210; baseline 0.007 -30"><span class='ocrx_word' id='word_1_49' title='bbox 61 1123 138 1201; x_wconf 82' lang='lat' dir='ltr'>tices,</span> <span class='ocrx_word' id='word_1_50' title='bbox 166 1125 258 1186; x_wconf 88' lang='lat' dir='ltr'>modo</span> <span class='ocrx_word' id='word_1_51' title='bbox 286 1135 418 1186; x_wconf 86' lang='lat' dir='ltr'>terrenas</span> <span class='ocrx_word' id='word_1_52' title='bbox 445 1126 612 1186; x_wconf 75' lang='lat' dir='ltr'>animantes</span> <span class='ocrx_word' id='word_1_53' title='bbox 641 1135 903 1200; x_wconf 81' lang='lat' dir='ltr'>converterentur,</span> <span class='ocrx_word' id='word_1_54' title='bbox 927 1126 1081 1210; x_wconf 84' lang='lat' dir='ltr'>variasque</span> <span class='ocrx_word' id='word_1_55' title='bbox 1102 1127 1137 1188; x_wconf 83' lang='lat' dir='ltr'>fi-</span> 
     </span>
     <span class='ocr_line' id='line_1_8' title="bbox 60 1228 1137 1312; baseline 0.006 -26"><span class='ocrx_word' id='word_1_56' title='bbox 60 1250 140 1309; x_wconf 85' lang='lat' dir='ltr'>guras</span> <span class='ocrx_word' id='word_1_57' title='bbox 158 1229 338 1306; x_wconf 87' lang='lat' dir='ltr'>induerent,</span> <span class='ocrx_word' id='word_1_58' title='bbox 359 1241 395 1291; x_wconf 93' lang='lat' dir='ltr'>ut</span> <span class='ocrx_word' id='word_1_59' title='bbox 414 1228 507 1290; x_wconf 89' lang='lat' dir='ltr'>modo</span> <span class='ocrx_word' id='word_1_60' title='bbox 528 1229 606 1290; x_wconf 89' lang='lat' dir='ltr'>dixit</span> <span class='ocrx_word' id='word_1_61' title='bbox 625 1251 667 1291; x_wconf 83' lang='lat' dir='ltr'>rs.</span> <span class='ocrx_word' id='word_1_62' title='bbox 689 1228 719 1289; x_wconf 85' lang='lat'>6.</span> <span class='ocrx_word' id='word_1_63' title='bbox 763 1229 916 1290; x_wconf 82' lang='lat' dir='ltr'>Caeterum</span> <span class='ocrx_word' id='word_1_64' title='bbox 935 1231 1137 1312; x_wconf 73' lang='lat' dir='ltr'>Empedoclea</span> 
     </span>
     <span class='ocr_line' id='line_1_9' title="bbox 59 1331 1136 1418; baseline 0.006 -28"><span class='ocrx_word' id='word_1_65' title='bbox 59 1331 125 1394; x_wconf 86' lang='lat' dir='ltr'>lreec</span> <span class='ocrx_word' id='word_1_66' title='bbox 152 1334 191 1396; x_wconf 91' lang='lat' dir='ltr'>de</span> <span class='ocrx_word' id='word_1_67' title='bbox 221 1334 422 1396; x_wconf 86' lang='lat' dir='ltr'>daemonibus</span> <span class='ocrx_word' id='word_1_68' title='bbox 446 1333 558 1417; x_wconf 92' lang='lat' dir='ltr'>placita</span> <span class='ocrx_word' id='word_1_69' title='bbox 579 1333 663 1416; x_wconf 88' lang='lat' dir='ltr'>apud</span> <span class='ocrx_word' id='word_1_70' title='bbox 683 1333 804 1395; x_wconf 88' lang='lat' dir='ltr'>seriores</span> <span class='ocrx_word' id='word_1_71' title='bbox 826 1348 948 1418; x_wconf 86' lang='lat' dir='ltr'>quoque</span> <span class='ocrx_word' id='word_1_72' title='bbox 968 1333 1136 1396; x_wconf 76' lang='lat' dir='ltr'>admodum</span> 
     </span>
     <span class='ocr_line' id='line_1_10' title="bbox 60 1437 1136 1521; baseline 0.004 -24"><span class='ocrx_word' id='word_1_73' title='bbox 60 1439 225 1521; x_wconf 86' lang='lat' dir='ltr'>pervulgata</span> <span class='ocrx_word' id='word_1_74' title='bbox 255 1450 285 1498; x_wconf 90' lang='lat' dir='ltr'>et</span> <span class='ocrx_word' id='word_1_75' title='bbox 313 1439 462 1500; x_wconf 86' lang='lat' dir='ltr'>celebrata</span> <span class='ocrx_word' id='word_1_76' title='bbox 497 1439 607 1516; x_wconf 84' lang='lat' dir='ltr'>fuisse,</span> <span class='ocrx_word' id='word_1_77' title='bbox 637 1438 768 1500; x_wconf 84' lang='lat' dir='ltr'>ostendit</span> <span class='ocrx_word' id='word_1_78' title='bbox 797 1437 951 1500; x_wconf 81' lang='lat' dir='ltr'>Plutarchi</span> <span class='ocrx_word' id='word_1_79' title='bbox 982 1439 1069 1500; x_wconf 87' lang='lat' dir='ltr'>locus</span> <span class='ocrx_word' id='word_1_80' title='bbox 1098 1441 1136 1502; x_wconf 88' lang='lat' dir='ltr'>de</span> 
     </span>
    </p>
   </div>
   <div class='ocr_carea' id='block_1_3' title="bbox 60 1541 1135 1625">
    <p class='ocr_par' dir='ltr' id='par_1_3' title="bbox 60 1541 1135 1625">
     <span class='ocr_line' id='line_1_11' title="bbox 60 1541 1135 1625; baseline 0.003 -25"><span class='ocrx_word' id='word_1_81' title='bbox 60 1541 135 1602; x_wconf 77' lang='lat' dir='ltr'>Orac.</span> <span class='ocrx_word' id='word_1_82' title='bbox 157 1543 294 1619; x_wconf 83' lang='lat' dir='ltr'>delectu,</span> <span class='ocrx_word' id='word_1_83' title='bbox 313 1565 346 1624; x_wconf 87' lang='lat' dir='ltr'>p.</span> <span class='ocrx_word' id='word_1_84' title='bbox 368 1542 444 1622; x_wconf 75' lang='lat'>4183</span> <span class='ocrx_word' id='word_1_85' title='bbox 467 1543 534 1604; x_wconf 84' lang='lat' dir='ltr'>vol.</span> <span class='ocrx_word' id='word_1_86' title='bbox 552 1545 627 1619; x_wconf 85' lang='lat' dir='ltr'>Vll,</span> <span class='ocrx_word' id='word_1_87' title='bbox 647 1565 680 1625; x_wconf 87' lang='lat' dir='ltr'>p.</span> <span class='ocrx_word' id='word_1_88' title='bbox 701 1541 782 1620; x_wconf 81' lang='lat'>648,</span> <span class='ocrx_word' id='word_1_89' title='bbox 804 1543 858 1604; x_wconf 88' lang='lat' dir='ltr'>ubi</span> <span class='ocrx_word' id='word_1_90' title='bbox 877 1541 915 1604; x_wconf 91' lang='lat' dir='ltr'>de</span> <span class='ocrx_word' id='word_1_91' title='bbox 931 1543 990 1605; x_wconf 84' lang='lat' dir='ltr'>illis</span> <span class='ocrx_word' id='word_1_92' title='bbox 1008 1543 1135 1605; x_wconf 85' lang='lat' dir='ltr'>dicitur:</span> 
     </span>
    </p>
   </div>
   <div class='ocr_carea' id='block_1_4' title="bbox 59 1651 1138 2154">
    <p class='ocr_par' dir='ltr' id='par_1_4' title="bbox 59 1651 1138 2154">
     <span class='ocr_line' id='line_1_12' title="bbox 60 1651 1136 1730; baseline 0.007 -21"><span class='ocrx_word' id='word_1_93' title='bbox 60 1656 89 1710; x_wconf 75' lang='lat' dir='ltr'>rt</span> <span class='ocrx_word' id='word_1_94' title='bbox 108 1651 137 1712; x_wconf 71' lang='grc' dir='ltr'>δὲ</span> <span class='ocrx_word' id='word_1_95' title='bbox 158 1656 219 1724; x_wconf 74' lang='grc' dir='ltr'><strong><em>τοῖς</em></strong></span> <span class='ocrx_word' id='word_1_96' title='bbox 239 1653 349 1728; x_wconf 69' lang='grc' dir='ltr'><strong><em>δαίμονι</em></strong></span> <span class='ocrx_word' id='word_1_97' title='bbox 369 1657 498 1724; x_wconf 76' lang='grc' dir='ltr'><strong><em>ποέποις,</em></strong></span> <span class='ocrx_word' id='word_1_98' title='bbox 519 1659 665 1730; x_wconf 66' lang='grc' dir='ltr'><strong><em>μονονουχὶ</em></strong></span> <span class='ocrx_word' id='word_1_99' title='bbox 683 1654 785 1730; x_wconf 62' lang='lat' dir='ltr'>§lydus</span> <span class='ocrx_word' id='word_1_100' title='bbox 804 1657 1007 1728; x_wconf 66' lang='grc' dir='ltr'><strong><em>λαμβένοντος</em></strong></span> <span class='ocrx_word' id='word_1_101' title='bbox 1026 1656 1060 1714; x_wconf 76' lang='grc' dir='ltr'><strong><em>έν</em></strong></span> <span class='ocrx_word' id='word_1_102' title='bbox 1080 1663 1136 1718; x_wconf 64' lang='grc' dir='ltr'><strong><em>τῆν</em></strong></span> 
     </span>
     <span class='ocr_line' id='line_1_13' title="bbox 59 1755 1138 1836; baseline 0.006 -21"><span class='ocrx_word' id='word_1_103' title='bbox 59 1757 124 1818; x_wconf 74' lang='grc' dir='ltr'><strong><em>ἐπῶν</em></strong></span> <span class='ocrx_word' id='word_1_104' title='bbox 150 1765 206 1820; x_wconf 67' lang='grc' dir='ltr'><strong><em>τῶν</em></strong></span> <span class='ocrx_word' id='word_1_105' title='bbox 235 1755 479 1834; x_wconf 70' lang='grc' dir='ltr'><strong><em>Ἐμπεδοκλέους,</em></strong></span> <span class='ocrx_word' id='word_1_106' title='bbox 509 1757 651 1836; x_wconf 73' lang='grc' dir='ltr'><strong><em>ἂμιιρτίος</em></strong></span> <span class='ocrx_word' id='word_1_107' title='bbox 670 1765 718 1820; x_wconf 72' lang='grc' dir='ltr'><strong><em>νοοῖ</em></strong></span> <span class='ocrx_word' id='word_1_108' title='bbox 738 1761 814 1831; x_wconf 61' lang='grc' dir='ltr'><strong><em>ἆτος</em></strong></span> <span class='ocrx_word' id='word_1_109' title='bbox 834 1765 884 1821; x_wconf 65' lang='grc' dir='ltr'>τοι</span> <span class='ocrx_word' id='word_1_110' title='bbox 902 1765 1017 1831; x_wconf 68' lang='grc' dir='ltr'><strong><em>πλάνος</em></strong></span> <span class='ocrx_word' id='word_1_111' title='bbox 1036 1765 1138 1829; x_wconf 61' lang='lat' dir='ltr'>ente</span> 
     </span>
     <span class='ocr_line' id='line_1_14' title="bbox 63 1863 1135 1943; baseline 0.001 -21"><span class='ocrx_word' id='word_1_112' title='bbox 63 1885 118 1932; x_wconf 86' lang='grc' dir='ltr'><strong><em>τονς</em></strong></span> <span class='ocrx_word' id='word_1_113' title='bbox 137 1865 292 1940; x_wconf 74' lang='grc' dir='ltr'>ἐπιφέρειν,</span> <span class='ocrx_word' id='word_1_114' title='bbox 316 1913 322 1926; x_wconf 95' lang='grc'><em>.</em></span> <span class='ocrx_word' id='word_1_115' title='bbox 406 1869 569 1942; x_wconf 69' lang='grc' dir='ltr'>θρασύτερον</span> <span class='ocrx_word' id='word_1_116' title='bbox 592 1867 713 1941; x_wconf 72' lang='grc' dir='ltr'><strong><em>ἣμοῢμοι</em></strong></span> <span class='ocrx_word' id='word_1_117' title='bbox 733 1871 783 1927; x_wconf 66' lang='grc' dir='ltr'><strong><em>νον</em></strong></span> <span class='ocrx_word' id='word_1_118' title='bbox 801 1866 1043 1943; x_wconf 68' lang='grc' dir='ltr'><strong><em>βορβορινιιὶτορον.</em></strong></span> <span class='ocrx_word' id='word_1_119' title='bbox 1086 1863 1135 1923; x_wconf 82' lang='lat' dir='ltr'>si-</span> 
     </span>
     <span class='ocr_line' id='line_1_15' title="bbox 62 1965 1136 2051; baseline 0.007 -30"><span class='ocrx_word' id='word_1_120' title='bbox 62 1965 130 2023; x_wconf 89' lang='lat' dir='ltr'>milis</span> <span class='ocrx_word' id='word_1_121' title='bbox 159 1965 242 2026; x_wconf 93' lang='lat' dir='ltr'>color</span> <span class='ocrx_word' id='word_1_122' title='bbox 271 1977 314 2026; x_wconf 86' lang='lat' dir='ltr'>est</span> <span class='ocrx_word' id='word_1_123' title='bbox 334 1966 366 2026; x_wconf 91' lang='lat' dir='ltr'>in</span> <span class='ocrx_word' id='word_1_124' title='bbox 388 1967 503 2048; x_wconf 83' lang='lat' dir='ltr'>Virgilii</span> <span class='ocrx_word' id='word_1_125' title='bbox 524 1967 724 2050; x_wconf 77' lang='lat' dir='ltr'>descriptione</span> <span class='ocrx_word' id='word_1_126' title='bbox 744 1967 915 2026; x_wconf 88' lang='lat' dir='ltr'>animarum</span> <span class='ocrx_word' id='word_1_127' title='bbox 935 1988 1013 2051; x_wconf 88' lang='lat' dir='ltr'>quae</span> <span class='ocrx_word' id='word_1_128' title='bbox 1033 1968 1068 2027; x_wconf 90' lang='lat' dir='ltr'>in</span> <span class='ocrx_word' id='word_1_129' title='bbox 1088 1967 1136 2029; x_wconf 87' lang='lat' dir='ltr'>in·</span> 
     </span>
     <span class='ocr_line' id='line_1_16' title="bbox 62 2065 1092 2154; baseline 0.006 -30"><span class='ocrx_word' id='word_1_130' title='bbox 62 2065 119 2127; x_wconf 80' lang='lat' dir='ltr'>seris</span> <span class='ocrx_word' id='word_1_131' title='bbox 139 2069 330 2151; x_wconf 89' lang='lat' dir='ltr'>plectuntur,</span> <span class='ocrx_word' id='word_1_132' title='bbox 351 2091 537 2154; x_wconf 80' lang='lat' dir='ltr'>quemquam</span> <span class='ocrx_word' id='word_1_133' title='bbox 556 2069 691 2131; x_wconf 87' lang='lat' dir='ltr'>dissimili</span> <span class='ocrx_word' id='word_1_134' title='bbox 713 2091 819 2146; x_wconf 89' lang='lat' dir='ltr'>sensu,</span> <span class='ocrx_word' id='word_1_135' title='bbox 840 2071 915 2132; x_wconf 75' lang='lat' dir='ltr'>Aen.</span> <span class='ocrx_word' id='word_1_136' title='bbox 937 2074 995 2148; x_wconf 84' lang='lat' dir='ltr'>Vl,</span> <span class='ocrx_word' id='word_1_137' title='bbox 1017 2070 1092 2132; x_wconf 79' lang='lat'><strong>740:</strong></span> 
     </span>
    </p>
   </div>
   <div class='ocr_carea' id='block_1_5' title="bbox 171 2221 981 2615">
    <p class='ocr_par' dir='ltr' id='par_1_5' title="bbox 171 2221 981 2615">
     <span class='ocr_line' id='line_1_17' title="bbox 171 2221 981 2306; baseline 0.001 -25"><span class='ocrx_word' id='word_1_138' title='bbox 171 2223 247 2304; x_wconf 87' lang='lat' dir='ltr'>Ergo</span> <span class='ocrx_word' id='word_1_139' title='bbox 268 2232 448 2281; x_wconf 84' lang='lat' dir='ltr'>exercentur</span> <span class='ocrx_word' id='word_1_140' title='bbox 470 2222 574 2304; x_wconf 91' lang='lat' dir='ltr'>poenis</span> <span class='ocrx_word' id='word_1_141' title='bbox 586 2267 595 2298; x_wconf 93' lang='lat'>,</span> <span class='ocrx_word' id='word_1_142' title='bbox 617 2232 809 2306; x_wconf 76' lang='lat' dir='ltr'>veterumque</span> <span class='ocrx_word' id='word_1_143' title='bbox 830 2221 981 2282; x_wconf 90' lang='lat' dir='ltr'>malorum</span> 
     </span>
     <span class='ocr_line' id='line_1_18' title="bbox 172 2324 981 2409; baseline -0.004 -22"><span class='ocrx_word' id='word_1_144' title='bbox 172 2325 327 2408; x_wconf 88' lang='lat' dir='ltr'>Supplicia</span> <span class='ocrx_word' id='word_1_145' title='bbox 348 2324 538 2406; x_wconf 82' lang='lat' dir='ltr'>expendunt.</span> <span class='ocrx_word' id='word_1_146' title='bbox 581 2325 664 2387; x_wconf 79' lang='lat' dir='ltr'>Aliae</span> <span class='ocrx_word' id='word_1_147' title='bbox 683 2325 863 2409; x_wconf 84' lang='lat' dir='ltr'>panduntur</span> <span class='ocrx_word' id='word_1_148' title='bbox 883 2327 981 2388; x_wconf 87' lang='lat' dir='ltr'>inanis</span> 
     </span>
     <span class='ocr_line' id='line_1_19' title="bbox 171 2428 942 2512; baseline -0.003 -22"><span class='ocrx_word' id='word_1_149' title='bbox 171 2431 334 2512; x_wconf 86' lang='lat' dir='ltr'>Suspensae</span> <span class='ocrx_word' id='word_1_150' title='bbox 356 2429 396 2488; x_wconf 86' lang='lat' dir='ltr'>ad</span> <span class='ocrx_word' id='word_1_151' title='bbox 417 2437 537 2504; x_wconf 89' lang='lat' dir='ltr'>ventos,</span> <span class='ocrx_word' id='word_1_152' title='bbox 560 2428 624 2489; x_wconf 89' lang='lat' dir='ltr'>aliis</span> <span class='ocrx_word' id='word_1_153' title='bbox 646 2429 702 2490; x_wconf 85' lang='lat' dir='ltr'>sub</span> <span class='ocrx_word' id='word_1_154' title='bbox 722 2430 839 2512; x_wconf 84' lang='lat' dir='ltr'>gurgite</span> <span class='ocrx_word' id='word_1_155' title='bbox 860 2440 942 2489; x_wconf 86' lang='lat' dir='ltr'>vasto</span> 
     </span>
     <span class='ocr_line' id='line_1_20' title="bbox 172 2532 912 2615; baseline -0.003 -21"><span class='ocrx_word' id='word_1_156' title='bbox 172 2533 324 2594; x_wconf 86' lang='lat' dir='ltr'>lnsectum</span> <span class='ocrx_word' id='word_1_157' title='bbox 345 2532 456 2592; x_wconf 90' lang='lat' dir='ltr'>eluitur</span> <span class='ocrx_word' id='word_1_158' title='bbox 477 2533 589 2610; x_wconf 91' lang='lat' dir='ltr'>scelus,</span> <span class='ocrx_word' id='word_1_159' title='bbox 611 2544 663 2593; x_wconf 79' lang='lat' dir='ltr'>eut</span> <span class='ocrx_word' id='word_1_160' title='bbox 683 2535 819 2593; x_wconf 81' lang='lat' dir='ltr'>exuritur</span> <span class='ocrx_word' id='word_1_161' title='bbox 839 2534 912 2615; x_wconf 85' lang='lat' dir='ltr'>igni.</span> 
     </span>
    </p>
   </div>
   <div class='ocr_carea' id='block_1_6' title="bbox 62 2697 1187 4143">
    <p class='ocr_par' dir='ltr' id='par_1_6' title="bbox 62 2697 1187 4143">
     <span class='ocr_line' id='line_1_21' title="bbox 96 2697 1136 2780; baseline 0.011 -25"><span class='ocrx_word' id='word_1_162' title='bbox 96 2697 152 2756; x_wconf 88' lang='lat' dir='ltr'>Vss.</span> <span class='ocrx_word' id='word_1_163' title='bbox 174 2697 285 2758; x_wconf 79' lang='lat'><strong>20-23.</strong></span> <span class='ocrx_word' id='word_1_164' title='bbox 328 2703 458 2780; x_wconf 71' lang='grc' dir='ltr'><strong><em>ἀτερπέι</em></strong></span> <span class='ocrx_word' id='word_1_165' title='bbox 483 2708 574 2778; x_wconf 62' lang='grc' dir='ltr'><strong><em>χοῖρον</em></strong></span> <span class='ocrx_word' id='word_1_166' title='bbox 600 2731 642 2746; x_wconf 89' lang='grc'>-·</span> <span class='ocrx_word' id='word_1_167' title='bbox 671 2702 861 2774; x_wconf 62' lang='lat' dir='ltr'>Munere.)</span> <span class='ocrx_word' id='word_1_168' title='bbox 900 2698 1050 2760; x_wconf 71' lang='lat' dir='ltr'>Hierocles</span> <span class='ocrx_word' id='word_1_169' title='bbox 1070 2701 1091 2760; x_wconf 84' lang='lat' dir='ltr'>l·</span> <span class='ocrx_word' id='word_1_170' title='bbox 1114 2699 1136 2760; x_wconf 88' lang='lat' dir='ltr'>l·</span> 
     </span>
     <span class='ocr_line' id='line_1_22' title="bbox 64 2799 1137 2887; baseline 0.008 -30"><span class='ocrx_word' id='word_1_171' title='bbox 64 2809 216 2859; x_wconf 87' lang='lat' dir='ltr'>memorato</span> <span class='ocrx_word' id='word_1_172' title='bbox 247 2799 402 2860; x_wconf 86' lang='lat' dir='ltr'>daemonis</span> <span class='ocrx_word' id='word_1_173' title='bbox 431 2802 490 2862; x_wconf 87' lang='lat' dir='ltr'>sive</span> <span class='ocrx_word' id='word_1_174' title='bbox 517 2803 648 2862; x_wconf 84' lang='lat' dir='ltr'>hominis</span> <span class='ocrx_word' id='word_1_175' title='bbox 677 2802 764 2884; x_wconf 88' lang='lat' dir='ltr'>lapsu</span> <span class='ocrx_word' id='word_1_176' title='bbox 784 2803 818 2862; x_wconf 90' lang='lat' dir='ltr'>in</span> <span class='ocrx_word' id='word_1_177' title='bbox 838 2813 965 2880; x_wconf 87' lang='lat' dir='ltr'>terram,</span> <span class='ocrx_word' id='word_1_178' title='bbox 993 2805 1137 2887; x_wconf 87' lang='lat' dir='ltr'>deinceps</span> 
     </span>
     <span class='ocr_line' id='line_1_23' title="bbox 62 2893 1187 2992; baseline 0.004 -21"><span class='ocrx_word' id='word_1_179' title='bbox 62 2902 150 2964; x_wconf 62' lang='lat' dir='ltr'>addit:</span> <span class='ocrx_word' id='word_1_180' title='bbox 177 2911 263 2972; x_wconf 72' lang='grc' dir='ltr'><strong><em>ἰένειοι</em></strong></span> <span class='ocrx_word' id='word_1_181' title='bbox 284 2911 315 2971; x_wconf 70' lang='grc' dir='ltr'>δὲ</span> <span class='ocrx_word' id='word_1_182' title='bbox 338 2916 386 2972; x_wconf 75' lang='grc' dir='ltr'><strong><em>νοοῖ</em></strong></span> <span class='ocrx_word' id='word_1_183' title='bbox 402 2919 458 2979; x_wconf 70' lang='grc' dir='ltr'><strong><em>τὴν</em></strong></span> <span class='ocrx_word' id='word_1_184' title='bbox 478 2912 604 2987; x_wconf 68' lang='grc' dir='ltr'><strong><em>ἀρχαίαν</em></strong></span> <span class='ocrx_word' id='word_1_185' title='bbox 625 2909 685 2986; x_wconf 66' lang='grc' dir='ltr'><strong><em>ἕξιν</em></strong></span> <span class='ocrx_word' id='word_1_186' title='bbox 704 2913 913 2988; x_wconf 69' lang='grc' dir='ltr'><strong><em>ἀνολπμβίνοι,</em></strong></span> <span class='ocrx_word' id='word_1_187' title='bbox 942 2915 967 2975; x_wconf 79' lang='lat' dir='ltr'>ei</span> <span class='ocrx_word' id='word_1_188' title='bbox 988 2917 1076 2992; x_wconf 77' lang='grc' dir='ltr'><strong><em>Φνγοι</em></strong></span> <span class='ocrx_word' id='word_1_189' title='bbox 1097 2921 1137 2976; x_wconf 72' lang='grc' dir='ltr'>ποι</span> <span class='ocrx_word' id='word_1_190' title='bbox 1184 2893 1187 2900; x_wconf 68' lang='lat'>,</span> 
     </span>
     <span class='ocr_line' id='line_1_24' title="bbox 65 3013 1139 3097; baseline 0.01 -26"><span class='ocrx_word' id='word_1_191' title='bbox 65 3017 115 3086; x_wconf 74' lang='grc' dir='ltr'><strong><em>περὶ</em></strong></span> <span class='ocrx_word' id='word_1_192' title='bbox 139 3021 188 3091; x_wconf 64' lang='lat' dir='ltr'>pie</span> <span class='ocrx_word' id='word_1_193' title='bbox 214 3021 263 3076; x_wconf 64' lang='lat' dir='ltr'>aar</span> <span class='ocrx_word' id='word_1_194' title='bbox 288 3024 339 3077; x_wconf 81' lang='grc' dir='ltr'><strong><em>τον</em></strong></span> <span class='ocrx_word' id='word_1_195' title='bbox 379 3018 536 3094; x_wconf 67' lang='grc' dir='ltr'><strong><em>»ἀτερπέι</em></strong></span> <span class='ocrx_word' id='word_1_196' title='bbox 561 3013 686 3094; x_wconf 67' lang='grc' dir='ltr'><strong><em>χῦρον,”</em></strong></span> <span class='ocrx_word' id='word_1_197' title='bbox 723 3023 761 3086; x_wconf 85' lang='grc' dir='ltr'>ιἰς</span> <span class='ocrx_word' id='word_1_198' title='bbox 790 3019 878 3090; x_wconf 75' lang='grc' dir='ltr'><strong><em>οὗτος</em></strong></span> <span class='ocrx_word' id='word_1_199' title='bbox 909 3023 1007 3097; x_wconf 74' lang='grc' dir='ltr'><strong><em>λέγει,</em></strong></span> <span class='ocrx_word' id='word_1_200' title='bbox 1051 3021 1139 3082; x_wconf 65' lang='lat' dir='ltr'>»tuta</span> 
     </span>
     <span class='ocr_line' id='line_1_25' title="bbox 66 3117 1139 3198; baseline 0.009 -22"><span class='ocrx_word' id='word_1_201' title='bbox 66 3119 136 3188; x_wconf 75' lang='grc' dir='ltr'><strong><em>Φόνος</em></strong></span> <span class='ocrx_word' id='word_1_202' title='bbox 170 3151 211 3160; x_wconf 90' lang='lat'>—-</span> <span class='ocrx_word' id='word_1_203' title='bbox 249 3117 379 3196; x_wconf 76' lang='grc' dir='ltr'><strong><em>Κνρῶν,”</em></strong></span> <span class='ocrx_word' id='word_1_204' title='bbox 423 3125 463 3192; x_wconf 71' lang='grc' dir='ltr'>οἷς</span> <span class='ocrx_word' id='word_1_205' title='bbox 499 3123 528 3185; x_wconf 79' lang='lat' dir='ltr'>is</span> <span class='ocrx_word' id='word_1_206' title='bbox 565 3126 593 3182; x_wconf 78' lang='grc' dir='ltr'>οἱ</span> <span class='ocrx_word' id='word_1_207' title='bbox 627 3125 797 3198; x_wconf 72' lang='grc' dir='ltr'><strong><em>ἐμπεσόντος</em></strong></span> <span class='ocrx_word' id='word_1_208' title='bbox 840 3122 956 3196; x_wconf 76' lang='grc' dir='ltr'><strong><em>ν”Ατιρς</em></strong></span> <span class='ocrx_word' id='word_1_209' title='bbox 988 3126 1043 3188; x_wconf 70' lang='lat' dir='ltr'>bne</span> <span class='ocrx_word' id='word_1_210' title='bbox 1077 3137 1139 3186; x_wconf 86' lang='grc' dir='ltr'><strong><em>λιι-</em></strong></span> 
     </span>
     <span class='ocr_line' id='line_1_26' title="bbox 66 3223 1138 3306; baseline 0.002 -22"><span class='ocrx_word' id='word_1_211' title='bbox 66 3229 133 3294; x_wconf 70' lang='lat' dir='ltr'>nera</span> <span class='ocrx_word' id='word_1_212' title='bbox 172 3257 212 3269; x_wconf 92' lang='lat'>—</span> <span class='ocrx_word' id='word_1_213' title='bbox 253 3223 445 3294; x_wconf 76' lang='grc' dir='ltr'><strong><em>ἦλοίπκονοιν.”</em></strong></span> <span class='ocrx_word' id='word_1_214' title='bbox 505 3225 527 3284; x_wconf 88' lang='grc' dir='ltr'><strong>Ε</strong></span> <span class='ocrx_word' id='word_1_215' title='bbox 561 3223 671 3306; x_wconf 77' lang='lat' dir='ltr'>quilius</span> <span class='ocrx_word' id='word_1_216' title='bbox 702 3223 804 3304; x_wconf 89' lang='lat' dir='ltr'>colligi</span> <span class='ocrx_word' id='word_1_217' title='bbox 840 3224 1034 3306; x_wconf 88' lang='lat' dir='ltr'>probabiliter</span> <span class='ocrx_word' id='word_1_218' title='bbox 1065 3224 1138 3286; x_wconf 89' lang='lat' dir='ltr'>licet</span> 
     </span>
     <span class='ocr_line' id='line_1_27' title="bbox 65 3326 1136 3405; baseline -0.007 -9"><span class='ocrx_word' id='word_1_219' title='bbox 65 3343 89 3384; x_wconf 73' lang='lat' dir='ltr'>l·</span> <span class='ocrx_word' id='word_1_220' title='bbox 111 3331 259 3397; x_wconf 72' lang='grc' dir='ltr'><strong><em>ἦλέονονσι</em></strong></span> <span class='ocrx_word' id='word_1_221' title='bbox 284 3350 351 3388; x_wconf 88' lang='lat' dir='ltr'>non</span> <span class='ocrx_word' id='word_1_222' title='bbox 378 3327 568 3388; x_wconf 83' lang='lat' dir='ltr'>referendum</span> <span class='ocrx_word' id='word_1_223' title='bbox 589 3349 650 3388; x_wconf 86' lang='lat' dir='ltr'>esse</span> <span class='ocrx_word' id='word_1_224' title='bbox 672 3327 712 3387; x_wconf 90' lang='lat' dir='ltr'>ad</span> <span class='ocrx_word' id='word_1_225' title='bbox 731 3333 814 3405; x_wconf 73' lang='grc' dir='ltr'><strong><em>Φέιρς</em></strong></span> <span class='ocrx_word' id='word_1_226' title='bbox 834 3341 863 3389; x_wconf 86' lang='lat' dir='ltr'>ct</span> <span class='ocrx_word' id='word_1_227' title='bbox 884 3335 995 3405; x_wconf 75' lang='grc' dir='ltr'><strong><em>Κέτνς,</em></strong></span> <span class='ocrx_word' id='word_1_228' title='bbox 1024 3326 1075 3390; x_wconf 71' lang='lat' dir='ltr'>sed</span> <span class='ocrx_word' id='word_1_229' title='bbox 1097 3331 1136 3391; x_wconf 88' lang='lat' dir='ltr'>ad</span> 
     </span>
     <span class='ocr_line' id='line_1_28' title="bbox 65 3425 1137 3520; baseline 0.014 -35"><span class='ocrx_word' id='word_1_230' title='bbox 65 3425 189 3492; x_wconf 90' lang='lat' dir='ltr'>homines</span> <span class='ocrx_word' id='word_1_231' title='bbox 218 3433 277 3520; x_wconf 81' lang='lat' dir='ltr'>sive</span> <span class='ocrx_word' id='word_1_232' title='bbox 307 3430 468 3492; x_wconf 86' lang='lat' dir='ltr'>daemones</span> <span class='ocrx_word' id='word_1_233' title='bbox 498 3452 514 3490; x_wconf 92' lang='lat' dir='ltr'>e</span> <span class='ocrx_word' id='word_1_234' title='bbox 542 3431 627 3490; x_wconf 88' lang='lat' dir='ltr'>coelo</span> <span class='ocrx_word' id='word_1_235' title='bbox 651 3433 684 3491; x_wconf 92' lang='lat' dir='ltr'>in</span> <span class='ocrx_word' id='word_1_236' title='bbox 705 3442 815 3493; x_wconf 90' lang='lat' dir='ltr'>terram</span> <span class='ocrx_word' id='word_1_237' title='bbox 836 3432 972 3517; x_wconf 90' lang='lat' dir='ltr'>delapsos</span> <span class='ocrx_word' id='word_1_238' title='bbox 992 3440 1032 3510; x_wconf 75' lang='lat' dir='ltr'>(ot</span> <span class='ocrx_word' id='word_1_239' title='bbox 1050 3440 1137 3514; x_wconf 78' lang='grc' dir='ltr'><strong><em>ἐμπε-</em></strong></span> 
     </span>
     <span class='ocr_line' id='line_1_29' title="bbox 67 3534 1137 3620; baseline 0.005 -25"><span class='ocrx_word' id='word_1_240' title='bbox 67 3539 178 3616; x_wconf 73' lang='grc' dir='ltr'><strong><em>σόντες),</em></strong></span> <span class='ocrx_word' id='word_1_241' title='bbox 209 3537 343 3619; x_wconf 88' lang='lat' dir='ltr'>adeoque</span> <span class='ocrx_word' id='word_1_242' title='bbox 367 3534 422 3596; x_wconf 90' lang='lat' dir='ltr'>hos</span> <span class='ocrx_word' id='word_1_243' title='bbox 442 3555 540 3596; x_wconf 82' lang='lat' dir='ltr'>versus</span> <span class='ocrx_word' id='word_1_244' title='bbox 560 3556 626 3595; x_wconf 92' lang='lat' dir='ltr'>non</span> <span class='ocrx_word' id='word_1_245' title='bbox 646 3537 687 3596; x_wconf 89' lang='lat' dir='ltr'>ita</span> <span class='ocrx_word' id='word_1_246' title='bbox 705 3539 880 3620; x_wconf 88' lang='lat' dir='ltr'>jungendos</span> <span class='ocrx_word' id='word_1_247' title='bbox 901 3561 961 3601; x_wconf 87' lang='lat' dir='ltr'>esse</span> <span class='ocrx_word' id='word_1_248' title='bbox 972 3586 981 3615; x_wconf 97' lang='lat'>,</span> <span class='ocrx_word' id='word_1_249' title='bbox 1011 3552 1045 3600; x_wconf 88' lang='lat' dir='ltr'>ut</span> <span class='ocrx_word' id='word_1_250' title='bbox 1065 3541 1137 3600; x_wconf 88' lang='lat' dir='ltr'>facit</span> 
     </span>
     <span class='ocr_line' id='line_1_30' title="bbox 67 3637 1135 3720; baseline 0.008 -24"><span class='ocrx_word' id='word_1_251' title='bbox 67 3637 211 3718; x_wconf 74' lang='lat' dir='ltr'>synesius:</span> <span class='ocrx_word' id='word_1_252' title='bbox 233 3646 294 3720; x_wconf 75' lang='grc' dir='ltr'><strong><em>ἐ’ρθνι</em></strong></span> <span class='ocrx_word' id='word_1_253' title='bbox 314 3648 399 3716; x_wconf 63' lang='lat' dir='ltr'>nisce</span> <span class='ocrx_word' id='word_1_254' title='bbox 420 3669 454 3707; x_wconf 81' lang='grc' dir='ltr'>πο</span> <span class='ocrx_word' id='word_1_255' title='bbox 475 3647 569 3719; x_wconf 73' lang='lat' dir='ltr'>Klete</span> <span class='ocrx_word' id='word_1_256' title='bbox 588 3676 630 3686; x_wconf 93' lang='grc'>-</span> <span class='ocrx_word' id='word_1_257' title='bbox 649 3647 832 3720; x_wconf 51' lang='lat' dir='ltr'>iniussum,</span> <span class='ocrx_word' id='word_1_258' title='bbox 854 3645 905 3706; x_wconf 90' lang='lat' dir='ltr'>sed</span> <span class='ocrx_word' id='word_1_259' title='bbox 927 3667 943 3705; x_wconf 94' lang='lat' dir='ltr'>a</span> <span class='ocrx_word' id='word_1_260' title='bbox 962 3666 991 3704; x_wconf 91' lang='lat' dir='ltr'>se</span> <span class='ocrx_word' id='word_1_261' title='bbox 1005 3646 1135 3707; x_wconf 88' lang='lat' dir='ltr'>invicem</span> 
     </span>
     <span class='ocr_line' id='line_1_31' title="bbox 67 3735 1136 3828; baseline 0.016 -30"><span class='ocrx_word' id='word_1_262' title='bbox 67 3740 246 3806; x_wconf 86' lang='lat' dir='ltr'>dirimendos.</span> <span class='ocrx_word' id='word_1_263' title='bbox 288 3747 389 3806; x_wconf 87' lang='lat' dir='ltr'>Lectio</span> <span class='ocrx_word' id='word_1_264' title='bbox 419 3746 559 3828; x_wconf 88' lang='lat' dir='ltr'>paullum</span> <span class='ocrx_word' id='word_1_265' title='bbox 589 3735 691 3808; x_wconf 83' lang='lat' dir='ltr'>variat.</span> <span class='ocrx_word' id='word_1_266' title='bbox 736 3749 875 3810; x_wconf 83' lang='lat' dir='ltr'>Hieroclis</span> <span class='ocrx_word' id='word_1_267' title='bbox 903 3750 949 3811; x_wconf 93' lang='lat' dir='ltr'>ed.</span> <span class='ocrx_word' id='word_1_268' title='bbox 964 3751 1061 3827; x_wconf 78' lang='grc' dir='ltr'><strong><em>Ἀτιρς</em></strong></span> <span class='ocrx_word' id='word_1_269' title='bbox 1080 3756 1136 3819; x_wconf 65' lang='lat' dir='ltr'>&amp;ste</span> 
     </span>
     <span class='ocr_line' id='line_1_32' title="bbox 69 3844 1136 3938; baseline 0.011 -33"><span class='ocrx_word' id='word_1_270' title='bbox 69 3844 160 3924; x_wconf 86' lang='lat' dir='ltr'>(codd.</span> <span class='ocrx_word' id='word_1_271' title='bbox 181 3856 227 3925; x_wconf 70' lang='grc' dir='ltr'>ἀρ)</span> <span class='ocrx_word' id='word_1_272' title='bbox 246 3866 325 3932; x_wconf 60' lang='lat' dir='ltr'>nm.</span> <span class='ocrx_word' id='word_1_273' title='bbox 347 3877 382 3917; x_wconf 62' lang='lat' dir='ltr'>es</span> <span class='ocrx_word' id='word_1_274' title='bbox 395 3862 444 3918; x_wconf 64' lang='lat' dir='ltr'>„at</span> <span class='ocrx_word' id='word_1_275' title='bbox 457 3859 565 3938; x_wconf 65' lang='grc' dir='ltr'>σκότος,</span> <span class='ocrx_word' id='word_1_276' title='bbox 610 3852 655 3912; x_wconf 90' lang='lat' dir='ltr'>Ita</span> <span class='ocrx_word' id='word_1_277' title='bbox 676 3874 796 3936; x_wconf 85' lang='lat' dir='ltr'>quoq-ue</span> <span class='ocrx_word' id='word_1_278' title='bbox 817 3855 957 3936; x_wconf 85' lang='lat' dir='ltr'>Scaliger.</span> <span class='ocrx_word' id='word_1_279' title='bbox 996 3857 1136 3938; x_wconf 87' lang='lat' dir='ltr'>Synesius</span> 
     </span>
     <span class='ocr_line' id='line_1_33' title="bbox 63 3949 1134 4042; baseline 0.013 -28"><span class='ocrx_word' id='word_1_280' title='bbox 63 3949 103 4014; x_wconf 67' lang='grc' dir='ltr'>Ἄ.</span> <span class='ocrx_word' id='word_1_281' title='bbox 131 3960 158 4020; x_wconf 82' lang='grc' dir='ltr'><strong><em>ἐν</em></strong></span> <span class='ocrx_word' id='word_1_282' title='bbox 184 3969 299 4038; x_wconf 69' lang='grc' dir='ltr'><strong><em>λειμῶνι</em></strong></span> <span class='ocrx_word' id='word_1_283' title='bbox 327 3969 405 4024; x_wconf 71' lang='lat' dir='ltr'>sess</span> <span class='ocrx_word' id='word_1_284' title='bbox 435 3963 542 4026; x_wconf 78' lang='grc' dir='ltr'><strong><em>πνέτον,</em></strong></span> <span class='ocrx_word' id='word_1_285' title='bbox 586 3958 676 4017; x_wconf 80' lang='lat' dir='ltr'>Porro</span> <span class='ocrx_word' id='word_1_286' title='bbox 707 3956 782 4018; x_wconf 71' lang='lat' dir='ltr'>alter</span> <span class='ocrx_word' id='word_1_287' title='bbox 805 3964 905 4040; x_wconf 68' lang='grc' dir='ltr'><strong><em>Φᾶνος,</em></strong></span> <span class='ocrx_word' id='word_1_288' title='bbox 934 3961 1008 4022; x_wconf 89' lang='lat' dir='ltr'>alter</span> <span class='ocrx_word' id='word_1_289' title='bbox 1028 3967 1134 4042; x_wconf 74' lang='grc' dir='ltr'><strong><em>Φόένος.</em></strong></span> 
     </span>
     <span class='ocr_line' id='line_1_34' title="bbox 68 4053 768 4143; baseline 0.016 -27"><span class='ocrx_word' id='word_1_290' title='bbox 68 4053 177 4120; x_wconf 84' lang='lat' dir='ltr'>Procius</span> <span class='ocrx_word' id='word_1_291' title='bbox 196 4064 313 4126; x_wconf 85' lang='lat' dir='ltr'>inverso</span> <span class='ocrx_word' id='word_1_292' title='bbox 334 4063 439 4125; x_wconf 91' lang='lat' dir='ltr'>ordine</span> <span class='ocrx_word' id='word_1_293' title='bbox 462 4071 546 4138; x_wconf 76' lang='lat' dir='ltr'>strue</span> <span class='ocrx_word' id='word_1_294' title='bbox 567 4092 599 4128; x_wconf 81' lang='grc' dir='ltr'>τε</span> <span class='ocrx_word' id='word_1_295' title='bbox 621 4068 705 4143; x_wconf 80' lang='grc' dir='ltr'><strong><em>Φένος</em></strong></span> <span class='ocrx_word' id='word_1_296' title='bbox 726 4091 768 4128; x_wconf 77' lang='grc' dir='ltr'>τε.</span> 
     </span>
    </p>
   </div>
   <div class='ocr_carea' id='block_1_7' title="bbox 0 0 1383 4912">
    <p class='ocr_par' dir='ltr' id='par_1_7' title="bbox 0 0 1383 4912">
     <span class='ocr_line' id='line_1_35' title="bbox 0 0 1383 4912; baseline 0 0"><span class='ocrx_word' id='word_1_297' title='bbox 0 0 1383 4912; x_wconf 95' lang='lat' dir='ltr'> </span> 
     </span>
    </p>
   </div>
  </div>
 </body>
</html>
