2768 4916
441 407 529 456 vrrs
551 407 597 456 nr
620 409 767 460 sruons.
1102 397 1146 456 'tt

73 595 185 652 tores
209 575 279 650 dici
299 573 501 674 haberique
517 572 672 647 solerent
686 582 747 667 ⁷³,
769 589 889 650 tamen
907 575 983 674 ipsa
998 575 1057 649 illa
1073 579 1148 652 sive

70 727 122 774 ars
143 700 218 776 sive
242 695 392 772 facultas
416 702 477 769 τοῦ
497 700 666 794 γοητεύειν
688 695 851 770 nondum
877 723 970 771 vana
994 713 1059 770 aut
1080 697 1147 770 ab·

72 823 156 918 jecta
177 819 284 920 plane
305 815 505 892 habebatur
522 823 579 888 ⁷⁴.
628 816 835 916 Empedocli
860 816 952 892 illud
968 817 1070 892 facile
1086 821 1148 892 tri·

72 941 197 1016 butum
217 941 276 1020 vel
296 953 441 1041 propter
460 937 553 1012 iacta
571 937 630 1012 illa
650 965 745 1040 quae
765 940 1062 1033 memoravimus,
1092 942 1149 1017 vel

73 1079 211 1164 propter
227 1062 387 1136 carmina
400 1057 596 1158 καθαρμοὺς
614 1059 804 1161 appellata,
821 1060 956 1162 quibus
976 1061 1039 1136 has
1057 1077 1150 1138 artes

71 1214 105 1260 se
120 1200 244 1260 tenere
261 1184 443 1284 professus
458 1199 522 1258 est.
561 1181 666 1274 Quod
684 1180 833 1280 quidem
850 1181 895 1254 ab
907 1182 982 1256 aliis
994 1182 1150 1258 ludibrio

71 1309 246 1401 habitum,
267 1307 348 1382 aliis
368 1333 454 1382 vero
462 1331 477 1400 ,¹
496 1307 704 1406 praesertim
728 1304 967 1398 multitudini,
993 1305 1150 1381 admira-

71 1433 151 1508 tioni
171 1433 302 1521 fuisse,
325 1427 428 1527 facile
453 1444 506 1502 est
529 1426 684 1520 oreditu3
706 1424 752 1500 de
772 1427 900 1526 Gorgia
921 1439 1062 1522 tamen,
1084 1431 1149 1530 qui

70 1554 160 1628 illius
188 1551 313 1626 multis
342 1553 382 1623 in
415 1547 525 1623 rebus
556 1547 765 1645 exemplum
790 1548 950 1620 imitatus
973 1563 1042 1641 est,
1077 1576 1150 1626 non

6 1709 7 1756 3
70 1675 221 1756 dubium
242 1671 404 1782 videtur,
426 1675 517 1772 quio
541 1670 684 1744 honoris
707 1672 817 1770 gratia
839 1668 929 1746 illud
951 1669 997 1744 de
1017 1697 1060 1745 eo
1082 1685 1152 1746 tes·

72 1813 161 1871 tatus
177 1795 243 1887 sit,
258 1819 333 1896 quo
349 1792 512 1869 videlicet
527 1793 684 1892 magistri
701 1808 738 1866 et
754 1792 934 1892 popularis
951 1794 1009 1867 sui
1027 1792 1152 1867 laudes

71 1918 163 2018 apud
197 1929 337 1990 exteros
368 1915 520 1987 Graecos
551 1911 754 2004 extolleret,
787 1915 954 2015 illiusque
987 1914 1152 2014 prodigiis

71 2037 314 2138 praedicandis
339 2060 444 2109 suam
465 2033 579 2133 ipsius
601 2034 747 2133 gloriam
769 2038 878 2138 (quae
898 2052 974 2110 erat
1001 2036 1152 2110 hominis

6 2221 7 2238 2
72 2160 220 2259 vanitas)
241 2161 375 2264 suique
398 2157 668 2229 admirationem
689 2173 836 2258 augeret
855 2165 897 2209 ⁷⁵
903 2214 913 2231 .

6 2307 7 2310 ’
114 2285 219 2358 Hanc
247 2296 371 2355 autem
401 2278 597 2355 divinitatis
625 2282 829 2379 opinionem
852 2306 972 2381 quum
992 2279 1153 2354 doctrina

6 2483 7 2500 2
73 2407 242 2506 factisque
262 2404 328 2478 sibi
349 2401 563 2501 peperisset,
588 2415 670 2475 tum
691 2405 798 2475 etiam
818 2403 899 2476 data
919 2429 1027 2502 opera
1048 2401 1154 2476 affec·

6 2595 7 2602 ,
74 2539 156 2599 tasse
178 2526 336 2604 videtur.
387 2519 552 2594 Indicant
568 2522 635 2595 hoc
652 2522 731 2622 ejus
750 2551 864 2596 mores
886 2539 922 2598 et
943 2526 1034 2598 vitae
1052 2525 1151 2598 ratio.

6 2653 7 2664 ³
101 2670 159 2735 (73)
176 2673 218 2722 Ita
230 2668 417 2737 Lexicographi
428 2668 493 2736 rint
502 2669 711 2738 interpretantur
722 2671 804 2730 κόλαξ
810 2708 819 2733 ,
837 2678 996 2744 περίεργος,
1014 2673 1154 2736 ducerer,

6 2813 7 2818 ,
75 2769 100 2814 ut
118 2761 278 2828 Hesychius,
300 2762 413 2824 Moeris,
431 2762 557 2814 Timaeus.
583 2761 616 2811 Et
634 2762 683 2812 hoc
700 2781 777 2816 sensu
794 2767 860 2834 γόης
874 2774 915 2832 (et
931 2768 992 2838 inde
1009 2767 1154 2820 derivatum

75 2853 224 2924 γοητεύειν)
236 2851 308 2922 apud
323 2851 421 2903 Atticos
437 2850 577 2934 scriptores
593 2867 669 2922 saepe
684 2865 825 2926 usurpatur
840 2868 867 2918 et
882 2877 944 2916 cum
954 2857 1085 2912 vocabulis
1094 2858 1156 2912 ἐντί-

6 2935 8 2970 ³
77 2950 181 3013 βουλος,
199 2944 340 3006 ἀπατεὼν,
357 2945 561 3006 caedendam,
579 2942 712 3007 similibus,
726 2954 850 3017 unquam
862 2951 1010 3018 synonymis
1021 2953 1155 3018 conjungi·

6 3103 7 3110 η
77 3051 127 3098 tur:
145 3041 265 3110 exempla
282 3056 297 3090 e
314 3037 423 3090 Platone
441 3035 553 3105 protulit
564 3031 700 3085 Ruhnlen.
713 3035 739 3084 in
752 3037 816 3088 Tim.
829 3039 889 3090 Lex.
900 3056 924 3108 p.
939 3039 979 3111 73,ι
1008 3033 1156 3106 Xenophon

77 3133 150 3186 Anah.
161 3135 192 3198 V,
205 3147 229 3196 7,
241 3129 271 3184 5:
285 3130 517 3196 ἐξαπατηθέντας
529 3129 578 3178 καὶ
590 3131 880 3194 ναταγοητευθέντας.
897 3130 1029 3184 Plutarch.
1040 3127 1073 3180 de
1082 3129 1157 3196 Pytb.

6 3243 7 3248 ¹
78 3221 380 3294 orac.vol.vl1‚p.6otz
391 3223 532 3275 ἀπατεῶσι
542 3222 590 3274 καὶ
600 3221 696 3288 γόησιν
704 3222 862 3293 ἀνθρώποις
871 3228 919 3277 nol
928 3225 1158 3285 ψευδομάντεσιν.

6 3357 7 3366 .
78 3313 106 3364 el.
120 3314 202 3368 Stura.
217 3332 245 3384 p.
261 3313 375 3376 di,not.
388 3329 427 3366 aa.
455 3315 569 3367 Notatur
580 3311 631 3364 hoc
641 3313 775 3378 hominum
790 3315 1105 3382 gennsaPlatonePolit.
1118 3315 1160 3396 ΙΙ,Ι
1261 3367 1264 3374 ,

6 3413 7 3458 3
80 3403 198 3469 pects.

6 3485 7 3548 i
109 3495 163 3562 (74)
180 3495 309 3552 Testatur.
319 3495 370 3548 hoc
388 3502 493 3565 praeter
507 3491 557 3544 alia
568 3500 685 3546 veterum
700 3496 827 3548 sententia
842 3495 876 3547 de
891 3495 1074 3557 daemonibus,
1090 3512 1159 3566 qnae

82 3584 161 3636 multis
189 3585 270 3637 etiam
293 3586 384 3638 seculis
408 3593 468 3656 post
491 3584 586 3650 viguit,
613 3583 648 3636 de
670 3601 724 3654 quo
749 3603 843 3652 genere
867 3586 981 3637 Diotima
1002 3585 1027 3636 in
1047 3584 1160 3636 Platonis

6 3677 7 3726 i
82 3671 189 3742 Sympos.
198 3691 223 3744 p.
241 3691 288 3758 aon¹
300 3677 335 3738 E,
346 3676 422 3731 dicit:
436 3680 483 3729 dod
492 3675 594 3728 caricae
607 3679 655 3730 ναὶ
666 3674 684 3745 ’ἡ
696 3684 814 3748 μαντικὴ
825 3682 899 3730 πᾶσα
911 3687 996 3748 χωρεῖ
1006 3679 1054 3730 καὶ
1071 3680 1090 3744 ἡ
1107 3679 1161 3730 τῶν

6 3769 8 3808 l
85 3764 171 3836 ἱερέαν
185 3770 273 3838 τέχνη
290 3770 345 3820 τῶν
362 3791 395 3823 τε
411 3773 480 3842 περὶ
496 3775 544 3830 τὰς
559 3775 663 3830 θυσίας
678 3775 726 3825 καὶ
741 3777 789 3832 τὰς
802 3774 917 3831 τελετὰς
930 3775 979 3823 καὶ
992 3776 1043 3832 τὰς
1055 3773 1162 3841 ἐπῳδὰς

6 3853 7 3940 ,
86 3863 128 3912 acl
144 3867 195 3931 τὴν
211 3867 350 3926 μαντείαν
366 3868 457 3917 πᾶσαν
475 3869 524 3918 καὶ
541 3849 683 3935 romaicis.

6 3943 8 4028 l

115 3953 168 4020 (55)
184 3955 302 4006 Sturaius
324 3957 431 4022 Gorgiae
449 3959 627 4010 testimonium
648 3957 835 4010 criminationis
855 3958 937 4010 instar
960 3958 1054 4016 habet,
1076 3975 1091 4008 a
1111 3973 1163 4027 qua

6 4031 7 4120 l
87 4041 259 4110 Empedoclem
278 4044 435 4112 defendens,
452 4049 571 4114 Gorgiam
586 4065 684 4100 vanum
697 4057 723 4100 et
732 4048 921 4117 jactabundum
931 4049 1058 4118 appellat,
1071 4056 1164 4099 contra

89 4129 181 4184 lessius
196 4133 257 4186 huic
266 4138 434 4204 patrocinans
445 4139 552 4191 alterius
564 4133 739 4205 arrogantiam
748 4139 842 4210 carpit,
850 4139 884 4192 de
897 4140 971 4204 Gorg.
981 4139 1070 4194 Leont
1085 4156 1111 4208 p.
1126 4141 1165 4192 ¹6·
