2796 4914
432 441 468 488 ns
492 437 743 490 nnannocunru.
1063 435 1127 498 303

59 611 86 669 iu
103 607 274 670 nominibus
294 610 423 693 propriis
436 609 547 691 ''Aspus
560 621 592 674 et
606 619 783 688 Παυσανίας,
798 631 854 672 vss.
867 610 943 689 433,
959 611 1036 692 436,
1050 615 1123 677 item

58 717 85 776 in
103 718 196 792 ἥλιος,
224 735 265 776 rs.
288 714 360 792 187,
381 713 434 776 ubi
456 717 494 777 cs.
517 728 681 778 annot-
699 715 790 778 Porro
811 726 1023 799 argumentum
1042 719 1125 782 illius

59 819 212 882 sententiae
238 821 434 898 conveniens,
458 831 493 881 ut
513 843 586 883 mox
607 820 775 883 ostendam.
815 823 864 882 liis
885 823 943 884 alia
964 823 1123 889 accedunt.

58 923 260 1008 Empedoclem
270 927 357 988 tacite
367 925 418 986 bic
428 947 444 986 a
454 925 577 991 Platone
586 925 758 1009 significari,
769 926 817 987 rel
827 925 895 987 ideo
906 925 1061 1010 probabile
1070 946 1123 1008 est,

59 1029 131 1113 quod
144 1031 196 1092 ille
210 1032 347 1114 Gorgiae,
360 1033 413 1115 qui
424 1030 495 1093 huic
510 1031 629 1114 dialogo
638 1032 790 1108 intererat,
803 1017 1018 1114 magisteriuit,
1033 1045 1122 1118 atque

59 1135 125 1197 adeo
150 1136 232 1197 illius
259 1138 379 1220 argutiis
404 1137 562 1198 irridendis
589 1136 678 1199 simul
700 1139 763 1221 ipse
784 1139 905 1221 Gorgias
925 1138 1034 1201 leniter
1052 1162 1123 1223 per-

59 1241 248 1324 stingebatur,
276 1254 311 1303 ut
336 1253 415 1306 recte
443 1243 651 1306 animadvertit
671 1242 849 1306 Stallbaum.
897 1246 1049 1306 Praeterea
1077 1247 1123 1306 uti

58 1342 110 1404 boc
132 1345 217 1423 loco,
244 1347 285 1410 sio
313 1359 343 1410 et
371 1348 443 1410 alibi
468 1349 633 1416 Heraclitus
659 1359 690 1410 et
712 1348 907 1432 Empedocles
931 1352 1121 1433 conjunctim

59 1462 266 1531 memorantur,
296 1465 331 1514 ut
356 1453 449 1538 Soph.
477 1476 508 1538 p.
535 1455 596 1518 242
622 1456 665 1532 ll,
694 1455 748 1516 ubi
768 1453 860 1515 dicit:
889 1454 1005 1532 'tilae
1023 1460 1055 1523 lt
1074 1463 1123 1523 καὶ

58 1569 252 1626 caesareas
272 1589 348 1637 assae
367 1565 481 1643 ὕστερον
500 1570 638 1632 Μοῦσαι
658 1565 865 1643 iussoslussos
886 1564 931 1627 das
950 1569 1123 1642 συμπλέκιιν

57 1667 258 1750 &dauco-apos
284 1671 449 1750 ἀμφότεριι.
478 1679 528 1737 sat
550 1677 664 1753 Myros,
690 1676 727 1745 ῶς
748 1675 781 1735 al
799 1672 831 1735 is
851 1675 955 1736 arem
973 1696 1007 1735 aa
1026 1669 1122 1736 saio

57 1775 122 1838 iarn
142 1790 212 1842 κτλ.
234 1775 288 1837 llic
308 1777 398 1852 ’latiae
416 1785 528 1845 Μοῦσαι
541 1777 738 1851 Heraclitum,
751 1779 900 1842 Σικελικαὶ
912 1775 1121 1854 Empedoclem

59 1878 230 1960 significant.
268 1883 402 1966 Denique
422 1905 487 1944 nou
508 1891 551 1944 est
571 1881 659 1944 nihili
679 1881 816 1964 putanda
828 1892 963 1942 veterum
975 1882 1122 1963 interpre-

59 1992 127 2061 tum,
156 1986 365 2069 Olympiodori
393 1997 423 2048 et
452 1987 649 2061 scholiastae,
680 1986 856 2062 auctoritas,
886 1985 939 2069 qui
964 1986 987 2046 si
1014 2007 1068 2068 per
1092 2007 1129 2047 se

58 2106 153 2166 parum
180 2090 345 2173 locupletes
373 2103 508 2153 auctores
537 2089 671 2152 habendi
697 2100 782 2166 sunt,
807 2087 949 2172 atlhaud
970 2089 1061 2152 dubie
1081 2090 1121 2153 ab
1231 2087 1233 2092 ’

58 2193 263 2276 antiquioribus
282 2195 359 2255 illud
379 2195 555 2257 hauserunt.

91 2298 173 2374 Quod
200 2299 239 2358 ad
266 2301 445 2362 sententiam
467 2300 587 2376 attinet,
617 2300 670 2359 etsi
691 2297 813 2359 difficile
833 2306 878 2358 est
896 2297 995 2358 stricte
1016 2297 1122 2360 distin·

58 2421 150 2481 guero,
170 2425 322 2487 quaenam
341 2405 433 2487 ipsius
448 2404 508 2464 siut
521 2401 726 2485 Empedoclis,
747 2423 823 2485 quae
837 2423 854 2462 a
867 2401 990 2463 Platone
1002 2401 1119 2481 addita,

58 2505 110 2567 siue
136 2507 229 2570 dubio
254 2521 356 2571 tamen
383 2507 473 2570 rerba
498 2513 620 2589 ἀμύητοι
641 2519 671 2570 et
689 2516 767 2586 ullae
786 2515 955 2590 napaeos,
975 2507 1014 2568 ad
1034 2509 1121 2570 Sicu·
1166 2593 1169 2598 Ι

57 2608 112 2672 lum
136 2615 302 2698 sapientem
329 2613 497 2675 referenda.
538 2613 693 2675 Probabile
715 2613 790 2674 mibi
809 2614 944 2690 ridetur,
971 2614 1121 2697 Empedo·

59 2713 139 2794 clem,
169 2730 206 2782 ut
237 2720 409 2802 religiosum
442 2718 598 2781 bominem
631 2729 661 2780 et
693 2719 905 2803 mysteriorum
938 2729 1101 2800 patronum
1108 2765 1118 2797 ,

57 2824 182 2902 ἀμυήτους
202 2847 320 2886 vocasse
339 2825 493 2886 dementes
515 2835 544 2886 et
564 2824 704 2901 miseros,
733 2845 861 2908 eosque,
891 2833 926 2882 ut
946 2834 989 2883 est
1008 2823 1040 2884 in
1060 2825 1120 2886 Da-

57 2929 168 2991 naidum
187 2930 312 3007 sabula,
334 2915 456 2991 finxisse
474 2930 556 2991 velut
576 2927 863 3013 aquamfundentes
879 2929 911 2988 in
927 2928 1038 2988 dolium
1049 2948 1120 3007 per-

55 3032 255 3114 scrutomffltn
275 3042 469 3117 τετρημένου),
490 3034 573 3118 quod
593 3032 793 3096 insatiabilem
812 3029 975 3092 libidinum
997 3032 1120 3114 cupidi-

57 3145 134 3200 tatem
159 3141 321 3225 significat.
363 3144 441 3202 llaec
470 3139 553 3200 fictio
579 3138 618 3199 ab
644 3137 766 3220 ingenio
790 3137 896 3219 po'e'tae
923 3135 1031 3220 (qualis
1060 3136 1119 3198 suit

57 3239 248 3331 Empedocles)
287 3246 404 3308 sabulos
445 3244 602 3327 allegorice
632 3243 854 3324 interpretantis
887 3240 970 3302 haud
1003 3240 1117 3319 aliena,

57 3365 141 3432 neque
158 3374 227 3414 vero
247 3363 411 3413 evetcrum
424 3348 540 3433 judicio
561 3347 700 3409 abhorret
719 3369 736 3408 a
757 3346 876 3408 subulae
896 3368 994 3409 sensu.
1030 3346 1118 3408 simi-

56 3448 114 3512 liter
136 3458 166 3517 iu
194 3455 306 3518 celebri
330 3455 492 3539 Polygnoti
521 3454 638 3536 pictura
665 3463 782 3536 praeter
809 3453 906 3513 multa
934 3452 992 3512 alia
1017 3452 1115 3534 pictae

57 3569 129 3620 erant
144 3563 220 3623 duae
239 3560 391 3638 mulieres,
412 3566 544 3642 Φίρονσοιι
562 3565 629 3638 ὕδωρ
643 3566 672 3627 ἒν
685 3565 855 3642 neotericos
869 3565 1028 3640 ὀστράκοις,
1047 3558 1117 3639 qui·

57 3657 104 3723 bus
116 3667 210 3730 addita
224 3681 288 3730 erat
301 3668 455 3751 inscriptio
463 3712 472 3744 ,
485 3669 555 3735 eiras
569 3671 644 3747 σφᾶς
655 3653 712 3734 ’τῶν
722 3672 752 3733 οὐ
762 3667 1113 3749 μεμνημένωνβμνήτων).

57 3764 165 3834 Pausan.
185 3776 218 3835 Ι..
241 3777 283 3850 Χ,
305 3797 332 3836 c.
354 3775 411 3850 31,
433 3797 457 3835 s.
479 3773 509 3835 2.
533 3775 572 3834 ef.
591 3774 722 3834 Greuaer.
738 3772 874 3856 Symbol.
888 3774 920 3834 Τ.
935 3773 993 3847 lll,
1007 3791 1039 3852 p.
1053 3766 1110 3830 481

58 3869 98 3931 ed.
111 3895 162 3940 sec.
203 3881 349 3942 Ceterum*
359 3899 451 3963 quam
465 3880 570 3940 misera
584 3879 744 3940 haberetur
756 3881 790 3940 in
801 3877 903 3939 inferis
916 3887 971 3944 νῦν
984 3881 1114 3956 haiam

57 3993 124 4054 sors,
137 3981 285 4046 declarant
298 3995 370 4045 nota
381 3975 512 4046 Platonis
524 3984 602 4046 dicta
616 3985 649 4045 in
661 3981 856 4066 Phaedonp.
869 3983 925 4062 693
937 3983 976 4045 cf.
987 3981 1112 4065 Emped.

57 4098 91 4140 rs.
104 4082 157 4148 420
173 4111 214 4173 sq.
246 4093 324 4153 llaec
341 4092 410 4152 satis
427 4090 467 4152 ad
484 4090 672 4175 Empedoclis
689 4089 869 4153 sententiam
884 4088 1113 4163 illustrandam,
