2776 4916
430 413 468 468 rra
491 417 742 470 anennoctnnr.
1067 409 1132 472 209

70 583 96 652 tt
108 591 260 667 γιγνὸμινον
276 593 434 668 πειρήσεται
451 589 510 656 ὅσι’
526 595 574 656 taet
588 597 675 672 γαῖαν
689 603 760 656 κτλ.
781 586 909 651 Putabat
925 589 1005 648 enim
1023 591 1131 673 Empe·

68 688 164 767 docies,
173 691 337 753 interturia
346 703 522 754 naturarum
532 715 641 777 genera
654 715 714 756 esse
729 691 945 754 commercium
957 692 1129 776 quoddam,

69 793 305 874 quemadmodum
331 793 368 857 de
388 797 546 879 semetipso
569 818 611 858 rs.
632 797 694 858 ³80
718 795 893 878 profitetur,
918 817 948 858 se
972 797 1130 881 quondam
1161 803 1165 810 '

70 895 138 958 fnisse
160 897 333 976 volucrem,
365 901 496 982 piscem,
523 901 673 963 fruticem.
701 931 742 950 -
771 903 849 963 liaeo
878 920 941 961 una
965 901 1128 983 explicatio

69 1001 211 1080 probabilis
232 1025 271 1066 ex
292 1003 338 1065 his
362 1004 440 1066 effici
466 1003 540 1066 mihi
567 1025 652 1088 posse
679 1004 805 1066 ridetur.
847 1011 952 1072 sirim
981 1011 1043 1082 tv,
1072 1027 1129 1089 pro

69 1127 118 1186 quo
136 1109 260 1170 Sturnos
279 1108 400 1170 volebat
429 1105 489 1185 ν’ῧ,
521 1129 562 1170 ne
587 1130 679 1193 quem
700 1107 1129 1186 offendar‚eriam}10merm

68 1237 106 1279 κεν
123 1224 150 1273 ei
166 1219 198 1281 ἂν
214 1216 338 1299 jungit,
357 1225 393 1276 ut
413 1215 453 1278 ll·
471 1244 496 1289 v,
517 1213 589 1274 127.

100 1320 154 1378 Vsax
183 1319 328 1384 150-153.
370 1325 405 1388 Ei
433 1321 459 1386 δ’
485 1325 531 1389 ts.
560 1345 601 1389 ott
629 1321 714 1394 aet.)
754 1319 791 1379 Hi
811 1339 911 1380 versus
932 1319 1128 1381 commodam

69 1423 205 1486 transitum
223 1425 322 1488 iacere
342 1425 482 1488 ridentur
502 1424 540 1485 ad
561 1435 737 1508 sequentes,
763 1421 872 1506 quihus
894 1443 948 1505 per
969 1444 1131 1506 compara·

68 1527 165 1590 tionem
188 1530 396 1613 significatur,
422 1552 499 1615 qna
526 1531 687 1592 ratione
712 1532 796 1605 (νῦν)
823 1527 977 1590 clementis
1001 1529 1079 1592 inter
1099 1549 1130 1592 se

69 1632 145 1692 mistis
161 1637 350 1716 (ννρννμέννν)
367 1656 413 1695 res
433 1635 610 1696 formentur.

100 1737 204 1800 Primus
235 1740 344 1804 horum
373 1759 513 1800 versuum
543 1737 636 1800 habet
665 1737 780 1821 aliquid
807 1738 902 1800 simile
925 1739 1023 1804 versui
1052 1737 1130 1814 1255

70 1840 95 1900 in
112 1852 230 1927 utroque
251 1843 384 1906 occurrit
403 1841 586 1904 vocabulum
603 1845 778 1923 Αννήξνλννν
800 1863 862 1927 quo
878 1854 976 1904 motus
993 1853 1038 1904 est
1052 1843 1133 1906 Prel-

71 1944 134 2006 lerus
161 1958 193 2007 ut
222 1958 382 2023 statueret,
414 1946 505 2008 ambo
534 1948 587 2008 iila
613 1948 781 2032 fragmenta
807 1967 863 2029 pro
883 1968 946 2006 uno
967 1947 1134 2030 eodemque

70 2045 190 2112 habenda
203 2074 284 2130 esse,
298 2053 444 2134 posterius
456 2075 473 2114 e
485 2053 649 2137 superiori,
667 2054 747 2116 sacto
760 2050 920 2113 verborum
934 2051 1133 2134 compendio,

71 2165 160 2216 natum
179 2179 250 2219 esse.
293 2161 332 2218 at
347 2137 385 2218 in
398 2167 527 2241 auoque
544 2159 614 2220 loco
630 2159 822 2242 quamvis'est
836 2155 938 2238 aliqua
953 2155 1134 2233 similitudo,

72 2268 140 2320 tanta
164 2273 265 2323 tamen
294 2272 339 2322 est
366 2271 396 2322 et
421 2261 581 2324 verborum
610 2274 640 2323 et
668 2259 770 2323 sensirs
792 2260 963 2336 diversitas,
988 2271 1023 2320 ut
1043 2282 1135 2322 nemo

73 2365 159 2442 paullo
178 2367 393 2428 consideratior
412 2367 471 2428 tale
492 2379 699 2429 commentum
718 2367 807 2429 facile
820 2353 1009 2449 ¹probaturus
1029 2367 1074 2428 sit.

102 2472 165 2537 stt'
184 2477 227 2542 ἔτι
247 2501 309 2550 σοι,
332 2493 404 2532 cum
424 2471 513 2532 Gaias.
534 2471 615 2533 edidi
635 2495 651 2534 e
673 2473 740 2534 cod.
763 2473 819 2534 Ox.
841 2475 882 2548 h3
905 2471 960 2532 01.
981 2471 1002 2530 Β
1027 2468 1136 2547 habet,

73 2572 129 2634 item
148 2598 210 2638 non
229 2579 330 2654 male,
357 2584 383 2646 02
405 2584 439 2643 δέ
460 2606 490 2644 ca
512 2605 565 2645 ννν.
606 2579 695 2640 Taur.
717 2597 874 2662 perperam
893 2581 920 2640 st
935 2579 973 2640 δέ
991 2605 1075 2644 τισιν.
1094 2609 1138 2624 -

72 2683 209 2761 netto..
228 2704 321 2766 supra
341 2683 493 2766 explicare
514 2685 643 2760 tmtavi3
664 2683 716 2744 hic
736 2692 823 2746 notet
843 2679 918 2741 fides
932 2676 1070 2742 'insolida
1089 2680 1136 2742 vel

74 2803 171 2849 nosco.
201 2788 351 2850 Preilerus
368 2788 446 2848 illud
464 2787 646 2848 mutandum
665 2787 738 2848 dicit
753 2790 786 2848 in
801 2790 962 2867 ὑπόξυλος,
976 2784 1059 2868 quod
1072 2805 1138 2844 non

74 2875 150 2970 magis
168 2891 343 2974 probabile:
365 2913 437 2956 nam
459 2895 601 2974 ὑπόξυλος
623 2894 742 2976 proprie
765 2893 874 2952 dicitur
894 2890 930 2952 de
949 2888 1052 2972 ligneo
1071 2907 1139 2949 vase

72 2989 209 3074 inaurato,
236 2996 309 3058 inde
329 2996 533 3079 metaphorice
556 2996 592 3058 de
613 3019 649 3059 eo
668 2999 723 3080 qui
743 3019 806 3058 non
828 3007 872 3058 est
891 2995 958 3056 talis
978 2993 1075 3078 qualis
1095 2995 1142 3052 ri-

73 3095 161 3176 detur,
180 3101 295 3182 Jutsus,
316 3103 461 3177 mendac,
486 3104 657 3178 timedatur,
682 3114 718 3162 ut
736 3101 826 3164 docet
844 3096 1035 3184 Phrynichus
1056 3097 1137 3178 apud

75 3202 184 3268 Pierson.
198 3209 231 3268 in
246 3211 339 3269 Moer.
353 3230 386 3292 p.
399 3207 459 3270 447
477 3219 508 3269 ct
520 3207 603 3290 apud
619 3209 695 3270 Bast.
710 3209 742 3268 in
756 3184 877 3290 iiregor.
895 3207 932 3267 de
945 3204 1022 3266 Dial.
1036 3224 1068 3285 p.
1080 3201 1139 3262 241

75 3306 174 3370 Schaef.
196 3335 275 3395 quae
293 3312 492 3396 significatio,
512 3313 569 3374 nisi
591 3310 816 3398 detorqueatur,
838 3310 870 3373 h.
890 3312 914 3371 l.
934 3329 1043 3392 parum
1064 3327 1141 3367 con-

74 3431 135 3490 ΕΜ
152 3427 212 3492 est;
234 3430 387 3501 praeterea
408 3419 658 3498 semicintiarum
678 3428 808 3478 metrum
827 3416 950 3499 respuit.

106 3523 158 3593 ‘iit
177 3547 212 3587 se
231 3529 317 3604 zeias
336 3552 371 3591 re
390 3532 519 3606 ymaro
539 3531 614 3597 isne.
634 3533 753 3584 mutato
768 3520 873 3582 ordine
890 3519 993 3600 scripsi
1011 3536 1066 3599 pro
1079 3519 1138 3589 eti..

74 3647 102 3686 *θ
111 3653 164 3705 yet·
176 3638 262 3710 χροιά
275 3657 308 3696 τε
318 3627 355 3697 ds.
366 3650 439 3690 nam
449 3631 526 3713 sing.
536 3639 621 3710 χρννὶ
632 3648 738 3711 parum
752 3623 937 3706 congruebat
947 3643 1017 3682 cum
1023 3619 1140 3703 plurali

72 3732 130 3804 dia.
149 3733 188 3794 cf.
207 3734 267 3796 hoc
286 3735 483 3818 Anaxagorae
502 3735 618 3796 dictum
639 3755 687 3832 ap.
707 3730 812 3812 Simpl.
827 3728 919 3811 Phys.
933 3726 955 3786 f.
970 3725 1028 3786 SA
1042 3724 1086 3807 (p.
1100 3723 1141 3785 85

76 3832 220 3921 achiabus
237 3849 392 3922 σπέρματι
403 3849 511 3909 πάντων
520 3849 674 3923 χρημάτων
692 3846 741 3906 sai
755 3839 865 3910 attae
881 3840 1019 3908 παντοίας
1029 3835 1141 3912 txma

75 3947 115 4003 est
139 3956 274 4024 χροιὰς
302 3959 352 4015 zat
376 3951 480 4025 ἦδννις.
523 3947 658 4028 Benique
679 3943 757 4012 etsi
779 3944 831 4007 tn
850 3937 953 4020 scripsi
973 3957 1029 4019 pro
1050 3933 1139 3995 codd.

76 4041 134 4107 tect.
156 4053 210 4118 ννΐ
234 4058 294 4121 ὅσα.
336 4055 400 4115 Pari
420 4055 513 4116 modo
529 4075 572 4114 vs.
597 4053 632 4114 11
657 4051 781 4112 confusa
803 4058 888 4128 erant
908 4048 987 4119 ὅσσος
1008 4053 1038 4104 et
1057 4043 1120 4115 otas·

110 4151 159 4215 111.
983 4147 1020 4210 ld
