2768 4916
439 427 523 473 vrrs
538 417 593 472 nr
616 425 760 474 eronus.
1113 407 1155 476 ill

73 595 192 684 retuli,
216 615 290 666 non
309 605 352 664 ut
378 605 531 667 mortem
554 589 777 691 Empedoclis
801 591 1017 666 declararem
1042 593 1156 692 (non-⁵

72 713 158 787 dum
194 713 293 787 enim
323 737 366 787 ec
395 714 665 812 pervenimus),
697 712 759 788 sed
795 726 840 787 ut
866 712 1005 788 diversa
1037 713 1083 790 dc
1112 741 1155 792 eo

72 834 310 934 popularium,
325 849 401 908 tam
419 836 616 909 amicorum
636 859 748 937 quam
764 834 1007 928 inimicorum,
1023 833 1155 936 judicia

72 971 377 1058 cognoscerentur.
405 957 462 1032 Sic
478 957 605 1032 accidit
620 960 654 1033 ei
672 957 768 1032 idem
778 956 878 1060 quod
894 957 1020 1064 mulus
1031 972 1071 1032 et
1084 957 1157 1032 cla·

73 1082 116 1153 ris
133 1080 356 1180 antiquitatis
372 1079 530 1176 vatibus,
553 1095 598 1156 ut
610 1079 656 1156 ab
672 1080 748 1154 aliis
762 1077 930 1155 laudibus
947 1079 991 1152 sd
1006 1105 1156 1180 superos

72 1201 196 1293 elatus,
215 1199 262 1275 ab
279 1201 356 1275 aliis
374 1203 478 1304 qussi
494 1204 533 1276 in
551 1217 681 1277 tartara
697 1199 867 1278 detrusus
884 1202 941 1275 sit.
972 1202 1157 1276 Hactenus

71 1325 112 1398 de
134 1325 231 1412 illius
261 1326 411 1424 ingenio
443 1337 480 1398 et
514 1323 693 1418 moribns3
727 1349 830 1398 nuno
863 1348 970 1424 porro
993 1349 1089 1424 quae
1111 1321 1157 1396 de

19 1427 21 1436 ¹
70 1446 144 1545 ejus
164 1449 238 1523 vita
259 1445 440 1548 rebusque
463 1459 656 1521 memorata
678 1461 781 1538 sunt,
804 1469 1039 1546 exponemus.

573 1719 650 1804 rr.

115 1936 312 2034 Postquam
320 1933 722 2032 maximamjurentutis
730 1945 869 2032 partem
879 1928 1156 2004 domietinSioi·

73 2056 113 2128 lia
124 2055 363 2154 transegisset,
374 2069 418 2130 ut
428 2056 594 2156 apparuit
604 2080 651 2130 ex
664 2056 706 2128 iis
717 2075 812 2155 quae
822 2054 861 2127 ia
874 2049 1057 2152 republica
1068 2050 1155 2150 egit,

74 2178 264 2252 matsuicsu
285 2193 401 2252 aetate
421 2201 573 2280 peregre,
589 2177 772 2277 proiectus
790 2185 855 2251 est.
887 2175 958 2247 ‘De
975 2173 1153 2280 Empedo-

73 2297 128 2372 clis
146 2298 340 2374 itineribus
360 2301 475 2376 multa
497 2297 739 2374 commentitia
763 2295 902 2398 prodita
923 2308 1024 2387 sunt,
1043 2291 1158 2368 veluti

73 2421 167 2522 quod
178 2422 220 2494 in
230 2421 419 2497 Orientem
432 2423 615 2523 proiectus
628 2447 712 2496 cum
727 2419 837 2520 Magis
848 2431 1010 2496 versatus
1019 2417 1064 2488 sit
1078 2421 1161 2486 ¹0⁵:

6 2571 7 2582 ¹
75 2569 164 2642 quae
177 2545 336 2618 namatio
347 2543 448 2619 baud
457 2541 1034 2641 dubieexillnmagisecpinicne,
1045 2562 1157 2639 quam
1195 2536 1200 2550 ¹

75 2691 179 2764 snpra
205 2667 500 2760 memoravimus,
515 2682 610 2758 orta,
630 2664 734 2740 facile
752 2661 798 2738 ab
812 2664 854 2736 iis
869 2659 1003 2736 credits
1023 2659 1159 2758 estqui

76 2785 603 2864 omnemabstrusarumrerum
613 2782 1159 2889 cognitionemaborienterepc

77 2921 202 3000 urent,
213 2907 299 2982 hinc
311 2909 524 2986 doctissimos
536 2909 771 3011 philosophos,
783 2905 1032 3008 Pythagoram,
1046 2901 1160 2977 Plato·

78 3051 176 3122 nem,
201 3029 304 3124 alios,
326 3033 534 3131 sapientiam
557 3057 660 3108 estam
680 3031 839 3105 hausisse
859 3042 896 3102 et
914 3028 954 3100 in
975 3025 1160 3100 Graeciam

79 3164 314 3252 tranportasse
341 3155 611 3230 contenderent.
667 3153 765 3248 Quid
796 3145 992 3226 memorem
1024 3147 1161 3220 Islami·

80 3285 196 3348 tarum
219 3275 453 3373 quorundam
473 3292 675 3353 commenta
697 3273 960 3363 adserendum,
976 3265 1163 3367 Empedo-

107 3439 180 3508 (105)
197 3441 295 3496 Plinius
315 3445 381 3496 liist.
399 3447 459 3498 Nat.
480 3447 569 3510 XXX,
595 3463 623 3501 rr
647 3444 865 3504 sinimsdrertm
883 3450 1009 3492 summam
1027 3435 1163 3488 literarum

79 3529 217 3586 claritatem
238 3533 398 3605 gloriamque
416 3553 449 3588 ex
465 3553 496 3588 ea
513 3537 619 3589 scientia
636 3537 758 3604 (magice)
770 3532 914 3603 antiquitus
927 3537 954 3580 et
964 3541 1047 3596 paene
1060 3539 1163 3594 semper

79 3622 188 3686 petitam.
204 3625 285 3676 Certe
297 3623 471 3692 Pythagoras,
486 3625 669 3696 Empedocles,
689 3624 867 3683 Democritus,
882 3618 970 3672 Plato.
989 3613 1023 3667 sd
1033 3613 1101 3666 banc
1110 3612 1165 3666 dis·

81 3711 181 3765 cendam
203 3713 376 3780 navigavere,
401 3715 495 3770 exsiliis
518 3716 606 3769 verius
630 3731 710 3786 quam
731 3705 987 3784 peregrinationibus
1010 3702 1181 3772 susceptit.”.

80 3796 167 3854 Plinius
192 3811 304 3857 anctore
328 3803 436 3858 fortasse
453 3821 515 3856 usus
533 3813 573 3858 est
590 3805 746 3874 Hermippo,
766 3817 845 3875 quem
858 3795 950 3869 paullo
970 3801 1031 3846 wie
1047 3793 1118 3850 dieii.
1130 3792 1164 3844 (le

85 3897 130 3944 tots
158 3909 191 3944 ea
211 3893 480 3960 artediligentissime
504 3896 642 3966 scripsisse.
675 3895 751 3948 Idem
769 3893 802 3946 dc
822 3889 912 3943 iisdem
930 3893 1057 3940 memorat
1072 3881 1162 3934 Philo·

83 3989 174 4035 stratus
187 3984 239 4037 Vir.
255 3983 375 4055 Apollon.
385 3987 408 4048 1,
419 4002 444 4039 a.
456 4003 483 4056 p.
496 3985 521 4049 3.
535 4002 692 4057 quamquam
705 4003 721 4036 a
732 3982 831 4050 magiae
843 3978 951 4032 crimine
962 3991 1008 4030 ecs
1017 3971 1165 4026 defendens.

86 4069 224 4126 Philostrati
242 4074 312 4126 dicta
331 4075 412 4139 tangit
428 4075 552 4130 Eusebius
572 4076 630 4130 adv.
655 4074 803 4127 Hieroclem
824 4090 849 4140 p.
871 4069 919 4131 bic
933 4067 971 4129 Dr
994 4063 1026 4116 cs·
1038 4061 1166 4122 Suldatlss

88 4148 265 4226 ’Attuiislrlor
282 4166 414 4225 Τυανεύς.
