2768 4916
429 404 514 457 vrrs
535 405 583 453 nr
609 405 754 456 munna
1091 395 1133 462 ³3

14 617 16 626 ›
64 577 152 676 gione
163 576 202 646 in
219 586 351 647 terram
365 575 468 672 quasi
487 586 635 646 antrum
652 573 816 674 dejectos,
837 571 902 647 ubi
918 559 1134 676 flagitiorum

65 697 94 769 in
114 695 290 796 superiore
312 694 383 770 vita
409 695 679 768 commissorum
703 721 835 794 poenas
862 694 1021 770 luerent:
1046 696 1137 772 haec

63 832 167 892 autem
194 817 331 916 expiari
354 814 521 890 censebat
540 817 635 890 ritae
658 819 816 917 puritate
837 832 875 891 et
897 820 1135 913 continentia,

62 939 228 1038 precihus,
241 936 403 1040 jejuniis,
414 939 706 1039 purgationibus,
722 937 858 1040 quibus
873 938 1038 1014 homines
1053 965 1136 1016 sce-

62 1059 162 1134 lernm
185 1060 267 1136 tabe
287 1057 396 1134 soluti
412 1058 559 1134 divinae
577 1075 730 1136 naturae
752 1072 930 1136 consortes
950 1063 1079 1138 fierent
1098 1077 1137 1139 et

62 1197 125 1280 post
148 1197 300 1257 mortem
325 1182 364 1256 in
396 1181 549 1258 deorum
577 1199 720 1258 coetum
746 1196 1029 1260 reverterentur.
1081 1186 1134 1260 Ita

62 1303 227 1404 cogitabat,
253 1308 303 1379 ita
329 1303 507 1380 sentiebat
537 1305 787 1406 Empedocles,
812 1320 857 1379 nt
879 1307 1036 1380 carmina
1058 1307 1137 1408 ejus

61 1439 187 1528 totaque
202 1427 425 1528 philosophia
445 1428 593 1522 indicat,
609 1453 722 1528 quae,
739 1443 783 1502 ut
802 1425 1019 1502 Plutarchus
1034 1427 1135 1525 dicit,

14 1615 15 1620 ,
61 1564 121 1622 erat
147 1547 344 1647 carpana
375 1553 432 1626 aa>
461 1548 569 1647 μύθων
600 1553 657 1626 καὶ
683 1549 935 1648 δεισιδαιμονίας
961 1551 1139 1636 ἀνάπλεως

14 1693 15 1772 p
61 1683 89 1742 et
115 1671 212 1768 pom,
242 1675 517 1776 ssfssfflxevpgm
548 1679 589 1728 ⁸⁷
606 1702 616 1768 3
658 1675 746 1750 haec
781 1667 1027 1750 inflammabat
1058 1676 1138 1776 ejus

14 1823 15 1904 ss
62 1795 230 1894 ingenium
255 1799 495 1898 animumque
513 1823 560 1871 ec
584 1798 727 1890 furore,
748 1823 861 1901 quern
884 1795 1034 1872 omoleta
1061 1797 1135 1896 jam
1196 1827 1197 1834 ¹
1325 1825 1330 1832 ·

14 1925 15 1944 ³
62 1915 192 1994 deorum
216 1920 343 2021 religio
364 1937 401 1994 et
422 1919 523 2020 vulgi
545 1919 689 1994 fabulae
712 1921 860 2020 gignere
885 1945 959 1996 non
982 1917 1138 2019 amplius

14 2127 15 2130 Ἴ
63 2055 221 2137 poterant.
283 2045 377 2117 Hinc
409 2042 489 2116 illae
522 2042 813 2134 lamentationes,
845 2040 980 2143 quibus
1013 2039 1137 2116 fatales

14 2175 15 2178 ’
64 2158 234 2240 hominurn
256 2191 448 2241 aerumnas
466 2189 627 2266 suaeque
644 2165 746 2236 sortis
762 2165 939 2238 miseriam
955 2162 1136 2265 deplorat3

65 2279 131 2357 hinc
146 2287 232 2362 item
247 2287 308 2362 illa
323 2289 502 2388 gloriatio,
520 2313 593 2386 qua
615 2311 653 2360 se
671 2285 784 2360 deum
807 2285 1003 2386 praedicat,
1026 2287 1136 2385 quip-

14 2401 16 2492 l
65 2427 99 2500 pe
120 2433 259 2508 quum,
279 2408 371 2482 elato
397 2409 518 2481 animo
543 2409 675 2495 fretus,
698 2433 778 2481 earn
799 2408 872 2508 jam
895 2408 1047 2508 adeptus
1069 2408 1136 2482 sibi
1157 2499 1160 2506 Ἰ

14 2539 16 2648 p
66 2525 230 2614 rideretur
254 2530 479 2605 divinitatem
503 2556 615 2632 quam
638 2529 829 2630 expetebat
848 2545 885 2604 et
906 2529 1060 2630 optabat.
1100 2533 1137 2606 si

14 2649 16 2684 ²
65 2644 133 2723 haec
159 2655 361 2754 arrogantia
391 2667 457 2727 ant
483 2651 658 2752 snperbia,
680 2651 891 2750 appellanda
920 2666 974 2726 est
999 2653 1136 2754 (neque

14 2791 16 2860 ζ
66 2771 141 2844 enim
158 2774 269 2874 plane
289 2774 474 2873 defendo),
496 2788 573 2848 erat
593 2788 690 2848 certe
709 2774 788 2847 talis
806 2765 1023 2874 arrogantia,
1040 2801 1136 2876 quae

14 2891 16 3008 p
66 2913 121 2964 non
144 2920 164 2967 e
187 2923 285 2971 vano
313 2910 472 2985 tumore,
494 2895 556 2969 sed
579 2919 626 2968 ex
651 2895 804 2970 elatioris
831 2895 944 2968 animi
962 2896 1136 2973 instinctu

14 3009 16 3090 l
66 3025 92 3082 et
110 3015 306 3091 ardentiore
327 3018 505 3120 religionis
525 3043 635 3092 sensu
657 3033 748 3092 esset
773 3018 944 3118 profecta.
996 3022 1136 3120 Empe-

14 3209 15 3224 ,
66 3131 161 3211 dccles
184 3140 339 3214 ultimus
367 3141 444 3214 lere
473 3139 597 3214 haberi
625 3153 740 3240 potest
765 3141 966 3238 priscorum
990 3140 1136 3216 illorum

14 3233 16 3340 l
67 3272 188 3348 ratum,
230 3261 349 3362 qualis
383 3261 567 3362 aliquanto
604 3276 688 3336 ante
722 3263 970 3361 Epimenides,
1010 3263 1135 3364 quales

14 3343 16 3440 l
68 3380 248 3481 antiquitus
270 3382 440 3484 Orpheus
465 3382 599 3484 aliique
632 3383 742 3457 fuisse
773 3383 1045 3483 praedicantur,
1070 3387 1137 3486 qui
1221 3373 1223 3378 ’

69 3500 155 3576 rudes
171 3520 207 3579 et
221 3505 398 3606 simplices
415 3506 575 3579 homines
589 3505 698 3578 sacris
710 3505 887 3580 institutis
902 3506 1135 3581 carminibus·

14 3723 15 3728 *
69 3643 126 3717 que
140 3625 332 3700 formarent
349 3642 386 3700 et
403 3641 583 3728 regerent:
606 3625 730 3698 similis
747 3629 786 3700 in
804 3625 866 3700 illo
882 3629 1018 3728 ingenii
1034 3631 1136 3728 spiri·

14 3743 16 3860 l
70 3751 124 3836 tus,
141 3749 316 3850 religionis
337 3748 460 3841 ardor,
480 3775 625 3823 morum
646 3745 792 3848 effigies.
826 3747 895 3821 Sed
917 3749 1013 3824 idem
1032 3756 1136 3852 quasi

14 3909 15 3956 p
71 3866 201 3958 prolusit
226 3871 387 3962 fanatico·
405 3871 463 3944 isti
490 3869 782 3970 philosophorum
812 3872 953 3969 generi,
983 3875 1050 3974 qni
1081 3874 1166 3962 la·¹
1211 3886 1215 3894 '

14 3967 15 4052 l
73 3978 193 4064 bantem
215 4007 252 4067 et
270 4019 386 4094 paene
404 3995 476 4095 jam
492 4007 705 4093 prostratam
724 3995 912 4068 vetustatis
927 3996 1138 4098 religionem

97 4129 144 4194 (⁸7)
157 4134 286 4204 Plutarch,
303 4138 337 4191 de
353 4136 433 4192 Genio
450 4134 549 4190 Socrat.
566 4153 593 4209 p.
612 4135 668 4192 tta
703 4135 760 4188 v01.
778 4139 859 4199 vill,
878 4157 904 4209 p.
922 4155 969 4208 apa
985 4139 1076 4194 lteisk.

24 4227 26 4232 ’
987 4229 1009 4300 3
