2796 4914
450 446 690 496 rumosorfflrt.

56 639 113 686 ora.
136 611 303 705 Quocirca
317 609 383 686 etsi
401 611 691 714 unumquodque
708 611 836 686 horum
856 611 972 711 ipsum
989 640 1053 713 per
1072 641 1110 688 se

55 734 195 808 honum
218 745 255 804 et
278 731 445 806 malurn
469 735 586 807 stricte
607 733 777 832 appellari
800 759 872 806 non
896 747 1023 831 potest,
1051 749 1109 807 ta·

55 881 123 928 men
153 854 180 926 si
209 850 312 926 ambo
347 854 441 928 inter
471 881 509 928 se
534 867 803 954 comparentur,
829 835 982 927 alterum
1005 854 1109 945 boni,

42 975 186 1048 alterum
207 973 289 1047 mali
309 973 528 1075 principium
546 1003 619 1050 non
640 979 817 1050 immerito
834 975 1019 1050 habeatur.
1051 978 1110 1050 Sic

54 1096 287 1194 interpretatur
316 1095 425 1169 etiam
446 1097 676 1189 Plutarchus,
707 1097 843 1172 dicens:
885 1094 1109 1192 Ἐμπεδοκλῆς
1209 1082 1212 1090 ,

56 1215 85 1292 ll
114 1219 164 1308 rip
192 1222 254 1314 μὲν
284 1217 552 1318 αγαθοῦργον
580 1219 688 1320 ἀρχὴν
712 1219 877 1308 Φιλότντα
899 1221 955 1294 καὶ
979 1223 1109 1314 Φιλόαν,

54 1336 196 1421 πολλάκις
218 1338 255 1416 δὲ
273 1343 443 1438 Ἁρμονίαν
466 1345 565 1417 καλεῖ
581 1340 769 1439 θεμερῶπιν,
786 1342 841 1430 τὶν
861 1338 899 1416 δὲ
922 1343 1108 1441 χείρονα

54 1464 151 1542 Νεῖκος
171 1463 337 1558 οὐλόμενον
357 1466 414 1538 καὶ
430 1469 524 1563 Δῆριν
544 1463 768 1562 αἱματόεοταν
791 1471 868 1538 ¹³⁹.
919 1463 1027 1536 Porro
1052 1465 1107 1537 uti

54 1582 279 1680 Empedocles,
308 1584 611 1685 quemadmodum
635 1611 743 1683 supra
768 1581 939 1676 vidimus,
976 1609 1109 1682 corpus

53 1714 80 1772 et
102 1705 276 1796 animum,
297 1708 479 1782 materiem
503 1721 541 1781 et
563 1722 736 1798 mentem,
758 1704 803 1798 ad
826 1703 950 1778 eadem
970 1703 1108 1778 reducit

54 1819 223 1916 elementa,
261 1828 309 1899 sic
341 1852 488 1927 qnoque
517 1841 590 1900 tam
620 1825 822 1899 animorum
849 1851 957 1925 quam
982 1851 1109 1923 corpo-

54 1965 120 2014 rum
156 1959 191 2018 et
230 1945 511 2044 pulcritudinem
548 1963 586 2022 et
623 1946 884 2020 deformitatem
921 1945 965 2018 ad
1007 1944 1109 2018 ambo

53 2059 308 2165 haecprincipia
330 2081 483 2144 revocat.
534 2068 696 2140 Amicitia
719 2081 770 2140 est
793 2067 842 2140 illi
863 2067 1054 2140 sanctitatis
1075 2080 1111 2139 et

53 2181 242 2274 honestatis,
277 2186 454 2262 Discordia
491 2189 677 2287 impietatis
716 2201 752 2261 et
782 2187 934 2260 libidinis
974 2199 1109 2260 auctor.

53 2301 101 2375 llla
126 2320 195 2380 tam
222 2307 383 2382 homines
414 2310 509 2383 inter
542 2335 579 2383 se
607 2333 718 2408 quam
744 2308 904 2382 homines
929 2334 1013 2382 cum
1038 2307 1110 2378 Diis
1184 2383 1186 2388 ,

53 2424 234 2527 conjungit,
268 2430 403 2502 animos
433 2427 671 2528 cupiditatum
697 2428 858 2504 sordibus
881 2442 1031 2529 purgat,
1064 2425 1110 2499 ad
1145 2509 1148 2516 ⁴

53 2544 188 2622 coelestia
209 2551 313 2650 erigit
321 2528 337 2642 3¹
352 2549 439 2623 haec
460 2550 620 2624 homines
638 2579 659 2623 a
680 2553 753 2624 Diis
775 2550 921 2639 alienat,
941 2549 1006 2623 sibi
1029 2575 1109 2623 mu·

54 2675 102 2737 tuo
130 2669 275 2745 infestos
303 2671 437 2763 reddit,
468 2671 677 2771 cupiditates
702 2673 820 2746 omnia
856 2672 899 2746 ad
931 2669 1130 2771 rapientes

52 2782 168 2882 incitat,
197 2791 243 2864 ad
271 2817 380 2890 prava
412 2794 559 2892 quaevis
582 2807 619 2866 et
643 2792 779 2892 abjecta
802 2792 880 2866 dux
904 2806 966 2866 est.
1018 2793 1109 2864 Hinc

52 2908 130 3001 qnod
151 2913 313 2986 Amicitia
334 2911 379 2985 ab
400 2912 613 3010 Empedocle
634 2927 781 2988 vocatur
802 2916 953 3012 Ἃρμονόν
975 2911 1111 3009 θεμερῶ-

52 3052 106 3120 νιι,
124 3030 283 3132 ἠπιόφρον
302 3033 451 3126 Φιλότνι,
473 3035 649 3108 Discordia
670 3060 754 3109 vero
774 3040 868 3134 Δῆρις
886 3034 1109 3132 αἱματόεσσα,

54 3155 149 3234 Νεῖκος
173 3158 381 3253 μαινόμενον,
406 3153 592 3253 οὐλόμενον,
614 3157 733 3256 λυγρόν
751 3169 835 3251 ¹⁴⁰3
860 3183 954 3258 quae
978 3155 1110 3256 cogno·

53 3272 130 3346 mina
154 3280 346 3380 utriusque
372 3280 447 3352 rim
468 3278 565 3352 haud
590 3278 738 3354 obscure
757 3281 962 3379 significant.
1175 3274 1185 3296 '

89 3517 139 3590 Ex
161 3521 202 3594 iis
222 3549 316 3622 quae
341 3526 572 3622 exposuimus
596 3524 825 3624 Empedoclei
850 3524 967 3624 placiti
986 3549 1109 3596 sensns
1206 3547 1208 3556 ¹

54 3645 81 3703 et
103 3640 183 3714 ratio
203 3643 275 3741 jam
297 3643 425 3718 clarius
449 3643 549 3718 nobis
571 3644 714 3743 patebit.
769 3648 904 3737 Sensit,
926 3645 964 3716 in
986 3669 1109 3716 rernm

54 3756 263 3838 universitate
287 3765 376 3840 duas
397 3765 494 3838 cerni
518 3768 615 3840 vires
632 3768 726 3840 inter
747 3791 784 3840 se
804 3767 993 3868 oppositas,
1014 3789 1108 3863 quae

53 3897 102 3966 per
128 3879 337 3962 universum
370 3887 551 3960 mnndum
586 3887 814 3987 singulasque
843 3885 971 3959 mundi
993 3899 1111 3984 partes

78 4049 139 4119 (¹39)
155 4055 285 4110 Plutarch.
296 4057 329 4110 de
343 4060 374 4110 Ir.
386 4067 413 4111 et
425 4060 486 4111 Oair.
499 4077 526 4128 p.
537 4058 713 4122 370.v01.vr1,
727 4075 752 4126 p.
764 4056 820 4119 460.
831 4056 863 4108 n.
877 4055 909 4107 cs.
923 4055 1004 4110 Stura.
1017 4074 1042 4127 p.
1054 4057 1114 4112 233..

78 4137 139 4208 (¹4⁰)
157 4144 212 4196 vid.
230 4145 391 4217 Empedoclis
410 4164 459 4200 var.
478 4150 534 4202 citt.
554 4165 577 4217 p
601 4146 658 4210 347,
677 4155 732 4199 not.
754 4163 806 4214 τοι,
