2768 4910
245 437 308 508 lat
638 455 687 504 nn
710 451 927 506 aurnnocnrs

244 625 361 723 θερεέων
385 622 420 702 ds
448 631 505 698 τοῦ
529 623 646 719 τυρές,
662 623 741 700 ’ὅτων
763 624 807 705 εἷς
826 625 866 698 τὸ
890 625 1060 724 κατωτέρω
1081 622 1239 722 {disideras
1254 637 1301 698 ⁹⁴.

244 750 267 820 i.
295 775 327 823 e.
354 748 534 822 »hiemem
553 746 649 837 oriri,
666 746 811 847 quando
829 751 890 821 adr
908 745 1140 821 crassitudine
1158 775 1220 823 sua
1242 753 1304 824 vin·

243 871 291 942 cit
311 869 403 970 ignis
422 870 574 944 calorem
596 880 633 942 et
656 869 695 940 in
716 869 936 966 superiorem
954 869 1137 966 regionem
1161 869 1309 961 enititum

240 1005 431 1083 aestatem,
456 989 602 1091 quando
617 989 708 1088 ignis
733 990 842 1062 vincit
863 1004 900 1063 et
922 994 1040 1063 adrem
1057 988 1225 1064 deorsum
1239 1015 1308 1088 pre·

238 1111 342 1186 mit.''
390 1115 495 1205 Quae
530 1112 634 1186 modo
656 1109 926 1211 appellabantur
947 1112 1148 1212 ἡμιτφωέριω
1168 1116 1264 1211 τυρὸς
1281 1126 1310 1185 et

240 1232 358 1331 ἀέρος,
392 1235 451 1308 hic
479 1232 683 1333 simpliciter
715 1239 777 1330 τῦρ
810 1245 848 1304 et
880 1234 938 1331 help
972 1247 1157 1310 vocantur.
1209 1233 1309 1307 Ambo

241 1358 344 1457 quasi
373 1356 560 1433 luctantur
594 1356 689 1428 inter
719 1380 765 1428 se
806 1369 843 1428 et
874 1382 938 1429 suo
952 1356 1134 1458 ‘quodque
1163 1369 1309 1458 tempore

240 1492 382 1576 regnat,
409 1505 430 1552 e
458 1499 531 1579 qua
562 1479 788 1552 contentione
820 1477 936 1550 oritur
961 1478 1100 1552 aestatis
1131 1489 1179 1551 'et'
1195 1478 1308 1552 hiemis

239 1599 454 1676 vicissitudo.
498 1598 554 1673 Ab
575 1597 700 1673 eadem
719 1612 784 1672 out
799 1597 904 1671 simili
921 1623 1041 1673 caussa
1058 1598 1215 1675 diversas
1229 1627 1307 1700 quo-

237 1748 311 1824 que
334 1738 527 1801 ventorum
549 1721 655 1795 flatus
676 1722 839 1821 repetiit,
861 1735 904 1795 ut
927 1721 1021 1794 infra
1048 1721 1307 1799 videbimus⁹⁵.

237 1849 295 1922 Ex
323 1839 380 1921 his
407 1846 498 1922 effici
523 1859 639 1946 potest
662 1843 888 1944 Empedoclis
910 1844 1018 1918 talem
1043 1843 1155 1920 fuisse
1175 1861 1308 1922 senten-

235 1970 343 2043 tiam:
373 1969 443 2042 diei
475 1963 510 2042 et
540 1965 654 2042 noctis
681 1968 841 2068 annique
868 1982 1077 2066 temporum
1107 1971 1307 2043 mutationes

236 2089 326 2166 ellici
350 2114 424 2163 non
440 2103 591 2164 tantum
605 2090 685 2164 solis
705 2104 827 2183 motu,
849 2107 992 2164 accessu
1013 2105 1051 2163 et
1066 2090 1238 2182 discessu,
1256 2089 1306 2163 sed

236 2215 357 2312 ipsum
385 2235 532 2314 quoque
554 2211 695 2286 coelum
718 2211 874 2286 divisum
900 2237 976 2285 esse
1006 2213 1044 2285 in
1071 2197 1174 2286 orlres
1195 2213 1307 2288 diver·
1375 2279 1376 2304 p

234 2363 309 2430 sos,
350 2338 461 2412 adrios
495 2349 533 2409 et
563 2334 706 2434 igneos,
743 2331 821 2406 illos
848 2358 978 2408 crassos
1003 2349 1040 2408 et
1074 2361 1220 2434 opacos,
1255 2336 1307 2408 hos

234 2453 377 2537 serenos
400 2473 437 2534 et
458 2455 614 2547 lucidos,
638 2458 705 2555 qui
730 2455 864 2553 pariter
888 2469 932 2528 ut
957 2454 1165 2530 solcircum
1186 2471 1306 2531 terram

235 2581 429 2657 volvantur
456 2605 496 2652 ac
520 2577 616 2651 statis
637 2573 857 2674 temporibus
882 2601 983 2649 nune
1002 2576 1116 2670 diem,
1138 2605 1240 2652 nuno
1259 2593 1306 2650 te·
1374 2573 1375 2620 ἕ

234 2702 383 2793 nebras,
418 2725 519 2774 nunc
546 2699 716 2788 calorem,
748 2721 849 2769 nunc
881 2697 996 2796 frigus
1022 2699 1212 2776 advehant.
1259 2703 1305 2772 Eo

235 2837 391 2923 spectare
413 2822 558 2901 videtur
577 2819 676 2922 quod
693 2816 925 2918 Empedocles
946 2821 984 2892 in
1001 2823 1160 2896 carmine
1180 2823 1225 2896 de
1242 2823 1306 2897 ele-
1373 2859 1374 2896 r

204 2925 209 2932 ¹
233 2945 360 3018 mentis
386 2943 471 3018 dicit
487 2947 544 3015 ⁹⁶:

334 3063 366 3141 ἓν
391 3063 428 3142 cle
452 3067 541 3164 μέρει
567 3065 741 3164 κρατέουσι
764 3063 1014 3161 amorosa...
1038 3072 1171 3142 κύκλωο
1193 3050 1244 3127 ’-

230 3211 345 3289 *quam
374 3190 586 3262 sententiam
618 3189 771 3264 fortasse·
793 3187 832 3258 in
857 3185 922 3260 alia
949 3187 1116 3262 carminis
1138 3206 1241 3288 parte
1259 3192 1305 3265 la·

234 3313 307 3386 tius
339 3311 553 3410 exposuerit.
602 3311 799 3384 Geminum
828 3307 915 3382 huic
937 3323 990 3382 est
1010 3310 1305 3411 Pythagoreorum

267 3503 326 3573 (94)
341 3505 471 3557 Plutarch.
489 3505 558 3557 Plac.
575 3503 638 3574 phil.
659 3505 708 3562 111.
728 3503 758 3566 ὃς
776 3499 889 3552 Galenus
898 3501 966 3562 ¹XX,
981 3519 1006 3571 p.
1020 3502 1051 3563 la
1063 3504 1098 3566 E;
1111 3503 1236 3558 Stobaeus
1250 3505 1303 3557 Eoll.
1371 3481 1372 3563 l

234 3585 312 3662 Phys.
320 3597 342 3658 Ι,
353 3611 379 3663 p.
389 3594 450 3660 2623
460 3594 535 3647 ambo
545 3594 700 3665 posteriores
711 3592 800 3658 legunt
809 3593 947 3662 ἀνώτερον
958 3601 986 3648 et
998 3591 1163 3665 κατῶτεροω.
1176 3579 1305 3651 Caetemm

232 3673 315 3739 dictio
333 3703 426 3756 parum
444 3685 571 3736 concinna
587 3693 640 3744 esta
661 3687 816 3752 βιάζεσθαι
836 3687 904 3736 enlm
923 3685 1009 3754 primo
1027 3686 1085 3739 loco
1105 3691 1215 3751 neutri,
1231 3691 1303 3742 altero

235 3777 321 3830 activi
340 3783 468 3846 potestate
482 3777 606 3845 positum:
626 3780 667 3838 εἰς
686 3781 718 3832 τὸ
727 3780 851 3848 ἀνωτέρω
861 3781 1048 3847 βιαζομένου,
1063 3781 1082 3832 i.
1093 3798 1117 3837 e.
1126 3797 1203 3848 quum
1215 3797 1306 3832 aarum
1370 3763 1371 3845 l

230 3869 363 3928 unitatum
384 3867 455 3919 ’ὅταν
474 3871 514 3928 εἷς
532 3871 565 3922 τὸ
585 3875 728 3942 κατωτέρω
747 3874 883 3942 βιάζηται
902 3872 962 3943 (τὸν
984 3871 1082 3944 ἀέρα),
1105 3887 1177 3939 quara
1202 3876 1306 3924 deorsum

232 3964 307 4023 eaput
323 3961 423 4023 ωδτωως
441 3967 487 4011 aut
499 3961 519 4011 si
534 3963 616 4015 mavis
626 3965 740 4032 passive:
756 3969 890 4035 βιάζηται
907 3967 921 4018 d
938 3967 1007 4035 ἀὴρ,
1019 3967 1132 4019 deornm
1142 3965 1304 4030 consternet.

265 4043 325 4113 (95)
343 4047 400 4100 vid.
420 4049 488 4102 insro
506 4049 521 4117 ἓ
541 4050 586 4113 25,
603 4060 656 4104 not.
677 4051 731 4118 143.

263 4135 326 4204 (96)
343 4137 447 4208 Emped.
464 4155 501 4196 τι.
519 4140 577 4205 ιι6,
596 4143 667 4214 qaod
688 4145 760 4213 tetigi
780 4165 858 4220 supra
878 4165 902 4217 p.
919 4133 981 4225 ι38Χ4.
