2768 4910
486 419 727 474 rmnosorrrrr.
1087 405 1145 473 lot

66 594 167 686 velit,
194 591 295 666 adeat
325 591 579 690 Philoponum,
608 589 803 664 Aristotelis
830 583 949 667 ¹verba
982 592 1019 662 in
1048 613 1149 664 com-

65 715 248 790 mentariis
264 714 367 804 fuse,
384 728 427 786 ut
450 712 553 804 solet,
571 711 826 811 explanantem
838 722 893 785 ²⁵.
924 711 1148 812 Empedoclis

64 853 186 910 tamen
224 835 455 932 sententiam,
483 834 575 908 nihil
591 847 757 909 ‘vacuum
786 859 877 929 esse,
907 836 1025 908 omnia
1052 833 1148 934 poris

64 958 196 1050 obsita,
226 981 365 1056 perque
387 955 450 1029 hos
472 969 649 1030 mutuum
672 957 749 1030 lieri
777 983 967 1056 corporum
989 957 1084 1030 inter
1109 981 1148 1028 se

64 1081 342 1170 commercium,
370 1092 526 1177 spretam
550 1077 595 1150 ab
618 1078 820 1168 Aristotele,
853 1079 1031 1151 seriorum
1052 1077 1152 1180 phy-'
1188 1073 1191 1078 ’
1287 1080 1289 1084 ’

64 1188 389 1275 sicomm'invenra
405 1200 545 1299 egregie
563 1201 839 1293 confirmarunt3
859 1202 923 1274 etsi
941 1197 1147 1292 fatendum,

65 1322 171 1396 illum
192 1347 362 1421 purorum
384 1335 551 1395 naturam
568 1336 605 1395 et
624 1322 797 1396 rationem
814 1323 936 1398 minus
950 1322 1045 1418 clare
1062 1349 1148 1422 per-

66 1456 224 1543 spectam
252 1442 432 1518 habuisse:
467 1443 598 1534 veluti,
632 1442 748 1544 qualis
774 1446 818 1519 sit
842 1448 881 1518 in
903 1445 1051 1520 diversis
1070 1445 1150 1520 ele·
1264 1519 1271 1529 ‚

65 1566 199 1639 mentis
228 1564 409 1666 rebusque
438 1565 524 1639 inde
550 1567 719 1640 confectis
746 1593 916 1666 purorum
937 1566 1150 1642 diversitas?

66 1696 160 1762 nuru
198 1689 268 1762 sint
296 1691 343 1762 ‘in
375 1687 451 1762 aliis
473 1686 686 1783 crebriores,
707 1689 746 1762 in
777 1687 854 1763 aliis
877 1687 1052 1762 rariores?
1076 1714 1150 1789 quc

66 1811 271 1886 discrimine
301 1809 392 1885 levia
426 1823 463 1883 et
491 1810 609 1909 gravia
649 1813 744 1886 inter
779 1837 818 1885 se
845 1809 1040 1885 differant?
1063 1810 1152 1884 lraec

66 1933 209 2032 aliaque
230 1932 361 2004 intacta
383 1932 460 2005 fere
490 1933 646 2006 omisisse
665 1933 835 2010 ridetur.
883 1933 1066 2008 Ultimum
1088 1933 1153 2007 hoc

67 2055 199 2128 diserte
228 2055 400 2128 memorat
430 2052 652 2145 Aristoteles,
668 2053 819 2128 dicens:
854 2079 913 2128 eos
945 2056 1011 2154 qui
1043 2057 1152 2128 inune

67 2178 262 2268 inducant,
295 2175 375 2252 leve
399 2191 436 2249 et
460 2203 567 2276 graue
591 2176 806 2277 intersperso
831 2176 892 2250 illo
913 2178 1154 2276 ¹distinguere3

69 2297 135 2400 qui
158 2312 308 2396 negent,
330 2312 374 2371 ut
394 2297 644 2398 Empedocles,
666 2298 858 2373 amborum
873 2298 1061 2372 discrimen
1080 2324 1153 2372 non
1215 2389 1217 2394 ,

69 2420 265 2520 explicare:
301 2423 375 2497 ἔνιοι
405 2423 466 2518 μὲν
498 2413 554 2496 οὖν
575 2427 638 2498 τόν
659 2423 707 2518 μὲν
727 2421 923 2519 φασκόντων
944 2415 1023 2497 εἶναι
1047 2423 1155 2513 nerlu,

71 2541 192 2620 οὐδὲν
226 2541 430 2642 ’διόρισον
472 2547 545 2642 περ)
579 2545 749 2640 ’κοόφου
788 2548 845 2620 καὶ
879 2542 1060 2644 βάρεος,
1092 2537 1155 2618 οἷον

70 2667 296 2766 Ἀναξαγόρας
323 2669 386 2742 'nal
421 2665 649 2764 Ἐμπεδοκλῆς
664 2669 719 2743 ²⁶.
777 2669 876 2742 Licet
906 2681 1027 2741 autem
1061 2667 1154 2739 Em-

68 2788 231 2887 pedocles
265 2788 369 2889 plura
404 2817 536 2891 parum
573 2791 666 2891 juste
702 2789 930 2888 explicuerit,
966 2790 1048 2889 quis
1078 2814 1153 2862 non

70 2909 268 2984 admiretur
292 2925 413 2985 tamen
438 2911 533 2986 illius
557 2913 797 3012 sagacitatem,
822 2909 889 3010 qui
909 2909 1051 2984 dudum
1070 2924 1154 2984 ante

69 3032 216 3132 ingenio
240 3029 332 3104 duce
356 3057 397 3105 ea
419 3035 653 3134 praeceperit,
684 3058 778 3132 quae
798 3032 947 3133 diligens
978 3033 1151 3106 seriorum

69 3152 295 3251 investigatio
318 3153 563 3230 confirmarit?

72 3472 149 3525 ἔσται
169 3471 265 3543 ἕτερον
282 3477 395 3545 στερεὸν
409 3477 486 3544 παρὰ
501 3476 566 3536 τοὺς
581 3477 696 3548 πόρους,
713 3477 783 3529 ἀλλὰ
798 3477 852 3528 πᾶν
868 3475 956 3528 κενόν.
992 3473 1073 3524 Porro
1090 3467 1150 3524 ibid·

71 3581 89 3630 p
123 3566 172 3633 397
188 3567 226 3618 D:
244 3569 301 3620 ὅσον
320 3566 370 3630 μὲν
388 3553 435 3620 cdv
458 3571 505 3622 διὰ
524 3575 573 3639 τῆς
596 3574 651 3623 τῶν
671 3571 761 3640 πόρων
784 3565 912 3639 utriusvis
932 3583 996 3632 φασι
1017 3569 1052 3616 τὰ
1072 3567 1154 3632 πάθη

72 3661 246 3724 συμβαίνειν,
261 3663 287 3712 al
301 3651 356 3724 ‘pla
371 3666 419 3713 καὶ
437 3665 656 3734 πεπληρωμένων
670 3667 724 3716 τῶν
738 3667 837 3737 πόρων,
853 3667 1003 3734 περίεργον
1021 3663 1047 3711 οἱ
1063 3661 1152 3727 πόρου

74 3753 100 3802 al
121 3755 174 3822 γὰρ
194 3752 285 3824 ταύτῃ
299 3757 400 3824 πάσχον
417 3759 449 3809 τὸ
467 3762 532 3822 πᾶν,
553 3761 603 3812 κᾶν
617 3765 654 3828 μὴ
671 3761 772 3830 πόρους
789 3760 855 3829 ἔχον
873 3755 933 3811 ἀλλ’
955 3756 1023 3810 αὐτὸ
1040 3751 1155 3822 caveris

74 3843 103 3893 όν
121 3846 225 3914 πάσχον
244 3849 293 3899 τόν
312 3847 397 3900 αὐτὸν
417 3849 535 3920 τρόπον,
555 3851 615 3904 κτλ.

104 3934 163 4002 (25)
196 3936 329 4008 Philopon.
352 3940 381 3992 in
407 3941 512 3994 aristot.
535 3941 569 3995 de
597 3943 688 3996 Gener.
711 3951 739 3996 et
758 3945 841 3995 Inter.
862 3941 879 3994 ό.
901 3940 934 3993 35
952 3957 989 4011 eq.
1011 3939 1044 3992 de
1063 3941 1155 3993 Gener·

74 4023 251 4090 lnim.11‚f.
272 4025 305 4098 59
322 4032 352 4082 Δ.
375 4033 449 4099 cujus
468 4034 661 4105 verba·purtim
681 4036 758 4088 affert
780 4034 863 4088 Stura.
884 4049 909 4101 p.
932 4031 981 4094 344
999 4048 1052 4102 “lq-

105 4115 160 4180 (26)
180 4117 285 4170 Aristct.
304 4118 337 4173 de
355 4120 425 4174 Coel.
445 4123 493 4186 IV,
510 4140 533 4176 ο.
548 4141 575 4192 p.
595 4123 644 4191 379
662 4125 691 4177 Ε.

120 4209 186 4285 ΙΙΙ,
989 4210 1036 4286 26
