2768 4910
453 399 693 473 emansormn.
961 357 963 362 ,
1049 390 1112 452 ⁴47

50 575 182 646 fortasse
214 565 444 667 Empedocles
474 568 539 640 ists
567 590 640 638 non
668 587 794 642 revera
826 565 875 638 sic
904 567 995 640 facta
1029 592 1113 644 cre-

49 693 141 784 didit,
168 691 229 766 sed
257 691 370 769 veluti
395 687 679 788 μυθολιγούμενος
702 689 824 781 finxit,
851 689 974 762 uthis
1000 689 1113 765 veluti

49 816 205 914 exemplis
220 909 223 916 Ι
240 832 393 889 naturae
428 814 513 886 vim
538 813 786 910 rationemque
821 809 1014 884 declararet
1032 815 1110 884 ¹⁸¹.

49 939 123 1010 llihi
144 938 209 1012 hoc
231 935 412 1036 probabile
428 934 588 1028 videtum
609 961 707 1008 error
724 949 844 1008 tamen
860 933 954 1008 idem
972 950 1109 1027 manet,
1221 975 1223 978 ·

49 1063 79 1132 in
96 1059 158 1130 hoc
177 1063 330 1158 positus,
348 1056 446 1156 quod
463 1060 520 1130 re's
537 1070 687 1130 naturae
706 1081 779 1130 non
801 1055 938 1132 ratione
958 1057 1017 1130 sed
1033 1059 1108 1131 sor·

49 1182 129 1254 tuito
148 1196 248 1256 motu
267 1180 432 1255 formatas
452 1180 569 1270 finxit,
587 1203 809 1277 quamquain
825 1177 867 1250 in
884 1177 1111 1276 singularum

48 1305 191 1402 partium
223 1302 457 1400 descriptione
492 1327 579 1374 eum
615 1298 800 1372 interdum
831 1301 947 1373 acrius
983 1299 1112 1376 vidisse

51 1426 131 1498 infra
163 1423 401 1500 ostendemus.
452 1424 645 1498 Caeterum
675 1423 713 1494 in
746 1420 801 1496 his
831 1425 861 1494 si
888 1425 996 1521 plura
1026 1431 1113 1500 snn't

51 1527 345 1643 reprehendenda,
363 1571 484 1620 unum
507 1543 756 1645 probandum,
775 1543 874 1644 quod
897 1545 965 1619 sub
990 1529 1113 1619 fabula

51 1667 102 1740 ista
122 1667 216 1759 latet,
244 1666 310 1742 hoc
334 1681 403 1742 est:
430 1667 527 1768 quod
550 1667 686 1740 Natura
710 1669 747 1739 in
772 1667 881 1740 rebus
902 1667 1062 1739 creandis
1092 1693 1112 1740 a

51 1787 267 1864 deterioribus
281 1789 468 1886 paullatim
487 1789 692 1864 admeliora
712 1791 932 1889 processerit.
963 1788 1131 1862 Et'haeo

51 1909 180 2006 quidem
206 1910 253 1984 dc
275 1909 484 1984 animalium
509 1925 607 2005 ortu,
637 1939 743 2011 porro
768 1911 813 1984 de
834 1937 962 1986 eorum
982 1925 1112 1984 natura
1191 1935 1195 1942 ·

51 2029 245 2107 dicendum·

524 2166 623 2250 §aa

161 2381 223 2454 De
250 2383 366 2455 variis
388 2399 580 2478 corporum
600 2383 773 2479 partibus
795 2381 983 2480 variisque

345 2504 576 2576 animantum
593 2506 802 2604 generibus.
849 2537 851 2540 ·

87 2647 346 2722 Plantarumet
364 2649 573 2724 animalium
592 2666 758 2726 naturam
776 2649 1011 2725 consideranti
1032 2651 1111 2749 pri-

49 2791 135 2842 mum
158 2798 194 2845 se
217 2771 322 2846 offert
347 2773 386 2844 in
408 2798 632 2873 unoquoque
658 2797 804 2871 genere,
832 2773 871 2843 in
896 2772 963 2844 alio
990 2771 1111 2869 major,
1211 2753 1217 2764 ¹

50 2887 80 2959 in
109 2893 171 2968 alio
201 2896 319 2968 minor
354 2896 512 2991 partium
545 2893 863 2992 membrorumque
893 2894 1043 2966 varietas
1075 2907 1111 2967 et

50 3011 207 3116 cujusque
239 3019 382 3116 propria
405 3019 465 3122 ¹vis
494 3032 530 3090 et
557 3032 750 3091 structura.
801 3015 910 3088 Unde
936 3015 1023 3088 haec
1045 3039 1110 3089 ex-

49 3130 223 3225 plicanda?
273 3139 522 3238 Empedocles,
558 3153 599 3211 nt
632 3140 743 3236 ipsius
775 3138 863 3210 ratio
893 3135 1111 3236 postulabat,

49 3247 127 3328 hanc
144 3262 351 3354 varietatem
374 3260 498 3334 retulit
521 3260 564 3332 ad
589 3260 780 3351 elementa,
801 3285 821 3332 e
841 3259 973 3358 quibus
993 3282 1111 3357 quae·-

50 3399 110 3472 que
129 3406 206 3478 pars
228 3381 393 3476 conflata,
416 3399 451 3457 ct
475 3384 609 3457 variam
628 3382 758 3455 horum
779 3379 934 3454 indolem
955 3407 995 3452 ac
1015 3393 1111 3452 tem-

50 3499 180 3588 periem.
231 3503 289 3576 Sic
319 3506 358 3576 in
393 3503 576 3578 arboribus
612 3531 728 3603 quum
762 3502 855 3578 duae
891 3504 962 3576 sint
992 3514 1111 3600 partes

50 3622 225 3718 Oppositas,
250 3625 333 3697 hinc
353 3625 484 3698 radices
511 3639 548 3698 et
571 3626 709 3723 stirpes,
731 3624 818 3697 hinc
837 3625 926 3697 rami
948 3638 984 3695 et
1005 3624 1111 3694 fron·
1216 3671 1217 3674 =

76 3905 143 3975 (181)
158 3910 199 3962 Sic
217 3912 317 3981 accepit
337 3912 481 3964 Alexander
501 3910 614 3980 Aphrod.
631 3919 698 3962 terte
712 3911 823 3980 Simplic.
836 3911 870 3962 de
884 3911 961 3963 Coelo
977 3910 994 3964 l.
1017 3910 1062 3974 idi
1082 3913 1110 3975 B,

50 3991 70 4042 in
81 3996 158 4055 Scbol
170 4005 274 4065 Aristot.
290 4023 316 4075 p.
328 4004 374 4056 512
392 4023 420 4058 aa
438 4005 451 4054 ὁ
465 4003 514 4067 μὲν
526 4001 703 4072 Ἀλέεὰνδρος
715 4003 749 4062 ὡς
767 4007 863 4067 μίξεως
879 4005 1110 4072 παράδειγμα

51 4084 145 4156 ‘lullus
162 4096 188 4164 l}
206 4085 238 4163 ἧς
257 4101 419 4152 συνίσταται
438 4101 474 4150 τὸ
491 4100 562 4150 κατὰ
581 4097 661 4160 φύσιν
679 4097 800 4161 σώματα.
