2768 4910
492 449 733 498 rmnosornra.
1087 439 1150 502 425

68 614 260 712 placitum,
280 613 377 715 quod
395 616 442 688 ita
462 618 575 692 refert
593 608 821 692 Laertiosv':
849 615 1000 715 Ιοόροοοροι
1022 612 1100 694 aba
1118 616 1150 696 ὲυ

31 760 34 764 ·
68 737 116 835 τῷ
145 739 262 838 υοόροῳ
286 742 357 832 Φῶς
380 733 437 812 nni
461 739 597 832 σκότος,
624 737 681 814 nni
703 737 814 837 θερμὸν
834 741 890 815 aul
914 735 1069 840 ψυχρόν,
1093 743 1150 817 καὶ

69 862 160 958 ξυρὸν
172 863 229 936 aul
241 861 336 960 ὒγρού
348 861 457 961 (quac
473 865 591 934 omnia
606 861 730 935 reduci
747 876 896 960 possunt
912 861 955 935 ad
971 862 1044 936 duo
1061 863 1148 936 baec

67 983 307 1081 Empedoclis:
333 985 372 1058 το
396 980 540 1082 πυρῶδές
565 986 622 1058 uni
650 985 687 1058 rb
716 979 886 1080 ἀερῶδες),
911 977 951 1058 ὧν
975 988 1051 1059 κοτ’
1074 983 1147 1060 ἔτι·

67 1103 221 1204 κράτειου
233 1103 347 1204 θερμοῦ
360 1112 420 1202 μου
433 1104 518 1205 θέρος
529 1104 690 1206 γίνεσθαι,
700 1101 842 1206 ψυχροῦ
854 1104 891 1183 δὲ
903 1112 1056 1208 petraeae
1071 1121 1145 1184 κτλ.

66 1228 258 1302 Caeterum
283 1229 371 1301 haec
391 1229 517 1304 leviter
540 1229 659 1326 potius
678 1228 906 1303 adumbrasse
923 1255 1034 1330 quam
1050 1257 1146 1306 enu-

66 1349 177 1424 cleate
207 1349 419 1448 explicuisse
442 1349 695 1448 Empedoclem
723 1347 903 1447 probabile
923 1365 986 1424 est.

112 1597 225 1670 Porro
266 1597 312 1674 de
348 1596 478 1673 mundi
508 1599 579 1672 situ
611 1612 647 1674 et
678 1596 905 1671 inclinatione
945 1597 1032 1672 haec
1068 1599 1145 1700 ejus

64 1719 184 1792 fertur
207 1721 326 1819 opinio
343 1725 401 1792 ⁹⁸:
423 1729 482 1795 τοῦ
507 1720 599 1820 ἀέρος
621 1719 767 1813 sipara
787 1723 830 1818 rii
851 1729 909 1796 τοῦ
930 1719 1020 1810 ἡλίου
1043 1721 1146 1819 ὁρμῇ,

63 1837 251 1940 ἐγκλιθῆναι
292 1843 373 1924 rite
396 1843 555 1942 ἄρκτους,
585 1848 643 1920 κου)
666 1843 714 1918 τοι
737 1846 797 1940 μὲν
821 1843 936 1942 βόρειοι
963 1841 1145 1937 ὑψωθῆναι,

63 1962 137 2041 καθ’
165 1966 183 2040 d
207 1967 265 2040 κοοὶ
288 1966 344 2041 του
371 1966 445 2045 ὅλου
465 1971 591 2066 κόσμου
610 1965 860 2068 (ἐγκεκλίσθαι).
910 1968 1011 2042 Istud
1029 1967 1145 2068 ipsic-

61 2087 151 2178 θῆυου
170 2087 234 2169 ata
252 2086 393 2186 ἄρκτους
411 2089 455 2163 ad
473 2090 651 2164 borealem
669 2105 815 2166 terrae
835 2091 958 2192 polum
981 2093 1144 2166 referen-

61 2211 152 2286 dum
177 2235 252 2283 esse
268 2201 364 2286 recte
379 2211 630 2287 animadvertit
653 2213 820 2286 Corsinus
837 2221 896 2306 ⁹93
921 2215 1042 2312 itaque
1058 2239 1144 2286 sen-

61 2359 121 2406 sus
141 2330 201 2405 bic
216 2346 286 2406 est:
316 2359 435 2434 quum
457 2334 635 2435 principio
657 2359 781 2407 rerum
799 2333 928 2408 mundi
943 2334 1047 2434 polus
1063 2335 1143 2434 polo

59 2467 176 2528 terrac
190 2471 221 2527 'e
248 2456 392 2554 regione
417 2457 597 2555 oppositus
619 2472 724 2548 esset,
747 2470 884 2555 postea,
908 2470 1032 2533 exorto
1055 2455 1142 2551 sole,

60 2588 176 2649 terrae
207 2571 387 2649 borealem
409 2576 534 2675 polum
566 2576 752 2651 meridiem
782 2603 906 2654 versus
933 2577 1139 2678 depressum

58 2721 176 2797 coque
215 2696 323 2770 simul
365 2698 452 2772 coeli
496 2714 613 2798 partes
654 2698 810 2772 boreales
852 2700 1006 2775 elevatas
1045 2725 1139 2793 esse,

58 2818 229 2892 australes
256 2833 379 2892 contra
404 2818 603 2918 depressas3
630 2818 778 2920 proinde
809 2834 925 2895 toturn
957 2821 1139 2894 mundum

58 2938 273 3014 inclinatum
304 2941 418 3018 videri
454 2954 534 3016 ¹00.
596 2943 705 3017 Porro
744 2941 781 3015 id
821 2943 958 3014 factum
1007 2940 1140 3014 dicitur

56 3064 217 3164 eoquod
239 3070 300 3138 ae'r
320 3065 401 3138 solis
421 3068 561 3166 impetu
584 3065 743 3159 eederet,
767 3063 864 3165 quod
889 3061 1073 3137 enodatius
1090 3066 1140 3137 sic

58 3184 324 3282 explicandum:
354 3213 472 3288 quum
505 3191 620 3288 primo
647 3187 775 3261 mundi
796 3212 899 3278 vere,
923 3188 979 3279 (ut
1002 3185 1138 3285 poetice

56 3303 198 3404 loquar)
224 3307 329 3381 Titan
352 3321 413 3358 ¹0¹
445 3308 668 3383 curriculum
694 3337 805 3384 suum
826 3310 1005 3408 ingressus
1028 3320 1137 3400 esset,

88 3450 145 3517 (97)
163 3451 270 3518 Diogen.
281 3455 367 3506 Laert.
377 3455 449 3516 vili,
461 3455 501 3506 26.
532 3454 612 3507 Ambo
622 3456 685 3508 haec
696 3441 790 3525 placila
800 3459 853 3524 jam
866 3434 1026 3522 comparavit
1038 3453 1136 3518 Menag.

56 3539 124 3591 Obas.
145 3541 234 3594 Laert.
256 3563 283 3614 p.
302 3544 359 3607 sel.

87 3634 146 3701 (98)
165 3633 297 3686 Plutarch.
322 3635 391 3688 Plac.
411 3633 477 3705 phil.
497 3637 540 3702 ΙΙ,
561 3638 591 3698 8;
612 3634 705 3688 Enseb.
725 3635 815 3704 Praep.
839 3637 885 3686 Eu.
907 3635 964 3698 XV,
985 3631 1032 3701 393
1051 3632 1137 3684 Galen.

58 3719 123 3775 nist.
144 3725 206 3794 pbil
226 3726 286 3790 XI,
302 3742 327 3794 p.
351 3723 396 3788 353
417 3726 488 3778 Stob.
507 3723 570 3777 Eell.
589 3723 670 3792 Pbys.
684 3727 714 3786 1,
736 3743 761 3793 p.
785 3722 840 3778 358.

9 3799 12 3814 ’
89 3815 149 3882 (99)
166 3815 307 3884 Perperam
329 3815 445 3868 Sinnius
464 3833 492 3886 p.
509 3815 612 3882 dbblds
629 3814 712 3866 sidere
731 3813 911 3890 Ursiaccipit.

90 3905 165 3970 (roo)
182 3904 305 3958 Similiter
318 3905 373 3958 fere
387 3905 454 3957 hane
468 3921 524 3958 rem
539 3904 587 3956 sibi
602 3904 777 3956 informarunt
788 3905 963 3970 Anaxagoras,
976 3903 1137 3956 Democritus

58 3991 152 4065 aliique
171 4003 286 4049 veteres:
303 3997 354 4049 vid.
365 3996 505 4052 Plutarch.
524 3996 541 4050 l.
561 3995 577 4047 Ι.
598 4003 625 4048 et
642 3996 697 4058 111,
717 4011 761 4060 ¹²3
780 3993 931 4046 Sebaubacb
946 3993 1056 4059 Anaxag.
1067 3992 1138 4044 nell.

58 4099 82 4150 p.
103 4083 149 4147 175
170 4102 208 4156 sq.
243 4085 280 4136 (ΙΙ.
296 4085 387 4154 virgil.
405 4087 535 4152 Georg.1‚
554 4103 591 4140 rs.
609 4085 656 4148 alo
670 4101 707 4156 sq.
739 4083 841 4153 Dionys.
857 4083 937 4137 Halia.
951 4085 975 4148 1,
985 4100 1011 4153 p.
1024 4085 1052 4136 81
1068 4081 1136 4150 sylb.

90 4175 164 4244 (ror)
182 4176 222 4228 Sic
246 4176 325 4230 solem
344 4175 458 4248 appellat
480 4175 646 4245 Empedocles
666 4191 703 4229 rs.
730 4171 782 4226 185.
859 4163 861 4170 ’

56 4251 62 4260 x

1247 857 1259 888 Ι
