2768 4916
428 431 513 483 vm
535 431 583 480 ET
606 431 750 480 mnus.
1086 419 1127 480 53

54 599 153 674 etiam
185 598 439 700 superiorum,
466 597 661 698 discipulus
692 594 920 698 perhibetur,
951 597 1045 672 hanc
1084 614 1128 674 ut

53 721 326 796 commentitiam
352 719 491 795 silentio
515 731 781 822 praetereamus
799 727 882 796 ¹⁵0.
929 718 1025 796 Haec
1047 743 1128 796 om-

53 842 105 913 nia
125 843 209 915 satis
229 838 447 934 ostendunt,
470 867 583 943 quam
603 839 765 918 diversae
781 841 920 917 fuerim
941 840 1127 942 opiniones

51 987 231 1062 quamque
259 958 394 1036 incerte
428 963 628 1038 testimonia
658 984 804 1054 eornm,
830 962 898 1064 qui
922 959 1127 1063 Empedocli

51 1083 199 1158 insecta
223 1083 453 1184 Pythagorica
478 1097 620 1158 oenum
644 1084 822 1183 assignare
840 1085 960 1161 locum
976 1084 1127 1161 studue-

50 1204 128 1278 rint.
177 1206 225 1277 In
245 1205 313 1280 hoc
335 1218 457 1280 tamen
478 1229 604 1280 omnes
625 1207 871 1302 consentiunt,
891 1233 979 1283 eum
996 1205 1126 1308 Pytha·

51 1353 168 1427 goreae
197 1325 406 1426 disciplinae
439 1324 625 1400 aemulum
653 1323 784 1420 fuisse,
817 1327 915 1430 quod
942 1341 1126 1428 praeterea

50 1449 151 1522 multi
172 1448 236 1521 alii
265 1461 370 1522 testes
391 1462 428 1522 et
452 1445 609 1546 vulgaris
632 1448 752 1547 opinio
773 1449 958 1524 confirmat
974 1457 1055 1524 ¹⁵¹.

26 1578 29 1588 '
91 1569 269 1668 Superius
302 1593 388 1642 vero
419 1567 576 1644 vidimus
607 1567 654 1641 ab
680 1567 927 1646 Alcidamante
950 1587 988 1647 et
1007 1572 1129 1647 Theo·

49 1689 185 1788 phrasto
222 1689 445 1764 Parmenidis
480 1690 585 1764 illum
620 1687 823 1764 auditorem
861 1690 998 1767 dietum
1035 1719 1130 1792 esse3
1259 1739 1262 1750 ·

49 1811 202 1886 dissentit
235 1809 281 1884 ab
313 1809 380 1883 illis
415 1811 650 1911 Hermippus,
685 1812 749 1912 qui
783 1837 856 1884 non
886 1815 1131 1905 Parmenidis,

48 1933 102 2006 sed
143 1933 260 2032 hujus
296 1934 451 2032 magistri
491 1933 801 2033 Xenophanis
839 1961 925 2010 eum
962 1934 1129 2010 asseclam

50 2053 125 2128 lacit
148 2061 230 2124 ¹⁵²:
266 2051 457 2151 ςἘρμινϋος
487 2059 523 2128 οὐ
549 2053 776 2155 Παρμενίδου,
801 2057 1066 2155 Ξενοφάνους
1093 2057 1129 2136 dl

2 2189 3 2202 ²
47 2181 214 2276 γεγονέναι
241 2173 402 2272 ζηλωτήν,
434 2173 459 2276 ᾧ
492 2179 550 2252 κο)
572 2176 806 2278 ουνδνοντρὶψου
833 2181 892 2255 νυν)
919 2179 1131 2277 μιμήσασθαι

50 2302 98 2391 rip
125 2298 324 2392 leocados,
353 2299 490 2398 deceptu
521 2275 557 2377 cle
590 2305 659 2382 τοῖς
694 2300 933 2402 Πυθαγορικοῖς
965 2301 1128 2404 ἐντυχεῖν.

49 2422 236 2510 Probabile
260 2436 332 2514 est,
367 2423 607 2522 Hermippum
636 2421 774 2496 Timaei
806 2425 1008 2500 testimonio
1045 2451 1129 2499 cre-

49 2543 190 2637 didisse,
234 2543 498 2644 Xenophanem
542 2543 611 2618 sub
658 2543 822 2618 Hieronis
860 2551 1025 2646 tempora'
1060 2543 1129 2621 flo-

50 2668 155 2740 ruisse
183 2680 298 2768 atque
325 2665 412 2738 adeo
444 2663 652 2764 Empedocli
680 2665 758 2739 fere
788 2665 974 2766 aequalem
1001 2667 1128 2743 fuisse:

49 2786 141 2860 unde
176 2793 251 2860 non'
292 2788 448 2881 mirum‚‘
480 2787 509 2858 si
548 2783 670 2878 illum,
710 2788 775 2887 qui
811 2789 897 2862 item
938 2789 976 2860 in
1016 2789 1130 2864 Sicilia

2 2927 3 2972 ὲ
51 2922 218 3002 versatus,
251 2911 339 2982 item
373 2907 419 2982 de
455 2933 580 2998 rerum
612 2920 742 2980 natura
776 2885 991 2984 ¹vaticinatus
1021 2925 1130 2996 esset,

2 3019 3 3114 l
51 3030 267 3130 Empedoclis
317 3031 527 3130 magistrum
583 3029 696 3102 fuisse
751 3029 921 3105 crederet.
997 3031 1131 3106 Fertur
1210 3047 1218 3060 ’

50 3153 149 3224 etiam
194 3137 333 3227 dietum
374 3151 556 3254 quoddam
593 3150 827 3248 Xenophanis
866 3150 909 3224 ad
945 3151 1131 3250 Empedo-

2 3263 3 3332 l
51 3272 132 3348 clem
150 3281 231 3346 ¹⁵³.
285 3273 353 3348 Sed
372 3276 474 3348 istam
492 3274 695 3374 opinionem
718 3289 792 3346 tam
812 3287 1019 3373 temporum
1042 3273 1152 3347 ratio·

2 3517 3 3574 j
81 3505 145 3572 (150)
162 3505 220 3556 Vid
236 3520 314 3572 supra
325 3521 351 3573 p.
363 3505 394 3568 lt,
407 3513 461 3556 not.
475 3505 498 3558 5.

2 3603 3 3614 ¹
81 3594 149 3662 (ὧν)
165 3597 284 3660 Longum
303 3603 371 3645 esset
391 3610 481 3648 omnes
501 3596 584 3647 citare
603 3595 649 3665 qui
668 3593 850 3662 Empedoclem
869 3601 915 3645 aut
935 3593 1128 3661 Pythagoreum

53 3694 138 3737 vocant
149 3693 195 3737 aut
206 3685 275 3737 illius
287 3699 383 3738 nomen
396 3689 456 3737 eum
470 3685 613 3752 Pythagora
628 3688 799 3750 resurgunt.
825 3685 932 3735 Praeter
946 3699 1065 3754 eosquos
1077 3687 1128 3752 jam

55 3777 194 3833 citavimus.
213 3775 244 3827 cf.
265 3795 304 3828 ex.
321 3793 359 3842 gr.
378 3776 510 3828 Plutarch.
526 3775 560 3827 de
578 3777 628 3827 Esu
648 3791 719 3826 carn.
739 3777 776 3826 lt.
788 3773 837 3822 Vol
859 3775 898 3832 Χ,
913 3790 938 3840 p.
956 3771 1018 3837 1523
1036 3775 1128 3827 Sextus

53 3867 117 3934 Emp.
129 3867 184 3918 adv.
196 3865 277 3918 ldsth.
286 3867 339 3926 lX¹
356 3881 414 3929 ¹27³
427 3867 572 3917 Athenaeus
581 3874 608 3917 et
618 3865 741 3917 Philostr.
754 3864 809 3912 citt.
822 3878 908 3929 supra.
919 3869 966 3911 not
976 3861 1019 3918 νῦν
1033 3862 1129 3916 Gellius

2 3973 4 3986 .
53 3957 90 4009 lV.
107 3973 130 4005 rr
141 3976 147 4018 3
158 3956 288 4007 Hierocles
301 3955 327 4005 in
344 3959 403 4008 dur.
418 3957 502 4006 Carm.
515 3973 540 4025 p.
556 3957 601 4008 186
613 3955 710 4008 Needh
732 3953 856 4021 syrianus
868 3955 911 4003 eit.
924 3952 992 4002 inira
1005 3960 1059 4003 not.
1076 3951 1129 4006 156.
1253 3949 1262 3966 ⁸

83 4046 153 4112 (οἷον)
167 4047 292 4112 Diogenes
309 4045 395 4098 [ηὸτι.
416 4047 501 4104 vttt,
519 4063 538 4096 s.
555 4045 595 4097 56.

83 4135 151 4201 pes)
168 4119 307 4190 nemisse
320 4139 369 4213 hnc
381 4136 450 4188 inter
461 4135 616 4203 xenophan.
633 4135 687 4220 reu.
702 4135 736 4189 o.
749 4134 928 4200 xxxv11‚p.
943 4134 983 4193 87-
