2796 4914
170 1001 245 1070 'DE
268 993 601 1068 RMPHDOGHS
624 993 996 1067 PHILOSOPHU-

545 1237 622 1320 51.

248 1467 297 1531 llll
318 1467 408 1530 Vlllll
429 1467 679 1530 couuoscmnt
701 1465 920 1528 sacomam.

100 1644 320 1745 Empedoclis
338 1642 595 1744 philosophiam
618 1645 846 1742 expositurus
864 1640 953 1714 illud
972 1645 1126 1716 maxime

63 1765 341 1866 praecipiendum
363 1764 478 1855 duco,
502 1763 600 1863 quod
624 1789 732 1863 supra
757 1766 794 1835 in
820 1765 892 1838 vita
918 1761 996 1861 ejus
1020 1777 1055 1836 et
1071 1763 1129 1836 in·

64 1889 153 1984 genio
176 1883 421 1960 adumbrando
446 1883 780 1976 animadvertimus,
800 1884 904 1982 illum
923 1908 1000 1956 non
1018 1887 1128 1984 magis

64 2006 158 2080 luisse
183 2005 433 2105 philosophum
457 2029 568 2104 quam
592 2007 750 2102 poetam,
775 2019 885 2104 atque
903 2003 989 2078 adeo
1009 2007 1130 2078 omni*

64 2153 119 2200 nm
140 2129 235 2220 fere,
256 2127 321 2226 qui
343 2126 440 2224 apud
461 2107 612 2198 Graecos
627 2126 672 2198 de
689 2151 812 2200 rerum
827 2139 957 2198 natura
973 2129 1130 2200 carmina

65 2252 241 2348 scripsere,
274 2244 542 2336 ποιητικώτατον.
592 2244 754 2318 Elatioris
784 2245 896 2318 animi
924 2248 1069 2346 spiritus
1095 2261 1132 2320 et

64 2371 180 2462 poetici
203 2370 337 2468 ingenii
361 2367 467 2460 color,
490 2368 556 2466 qui
580 2379 661 2438 tum
686 2366 727 2438 in
751 2368 824 2441 vita
840 2367 918 2466 ejus
932 2367 1131 2469 rebusque,

66 2503 134 2563 tum
157 2488 289 2564 clarius
313 2489 353 2560 in
376 2513 550 2564 versuum
575 2487 734 2588 reliquiis
757 2490 935 2583 cernitur,
956 2489 1050 2564 idem
1067 2516 1133 2590 per

66 2633 198 2684 omnem
230 2608 308 2708 ejus
342 2607 599 2708 philosophiam
633 2624 686 2682 est
719 2609 883 2684 diffusus
933 2613 1133 2685 Sententiae

66 2755 136 2804 suas
160 2745 196 2804 et
219 2731 346 2828 placita
370 2729 553 2803 interdum
577 2731 625 2802 ita
646 2733 827 2824 enuntiat,
849 2746 893 2805 ut
909 2732 1026 2831 potius
1041 2730 1133 2808 divi-

65 2873 105 2923 no
126 2851 299 2924 instinctu
317 2877 429 2952 quam
455 2850 622 2924 meditato
638 2851 785 2924 rationis
801 2851 931 2951 judicio
947 2879 988 2926 ea
1005 2851 1132 2926 efferre

66 2970 237 3064 videatur3
257 2985 407 3046 naturae
429 2969 605 3046 elementa
626 2986 663 3044 et
684 2972 871 3071 principia,
892 2999 987 3074 quae
1010 2976 1133 3046 animo
1170 3003 1174 3012 ·

66 3094 236 3192 concepit,
268 3105 441 3193 tanquam
465 3095 636 3192 imagines
660 3094 824 3170 viventes
848 3120 888 3166 ac
914 3095 1050 3171 diuinas
1073 3096 1135 3165 in-

67 3211 203 3310 format3
228 3213 385 3315 denique
408 3229 481 3290 tota
504 3215 582 3315 ejus
605 3217 694 3289 ratio
718 3214 795 3289 talis
820 3231 885 3306 est,
910 3231 954 3291 ut
978 3215 1134 3309 dubites,

67 3347 185 3409 uuum
216 3337 312 3434 poe'si
344 3361 390 3408 an
420 3335 659 3435 philosophiae
689 3338 831 3435 propior
860 3337 916 3412 sit.
967 3339 1040 3412 Hoc
1064 3338 1136 3436 jam

67 3459 175 3532 statim
211 3472 357 3556 apparet
388 3455 427 3530 in
452 3459 617 3532 carminis
639 3460 762 3553 initio,
794 3461 859 3535 ubi
883 3463 976 3535 inter
1001 3459 1067 3532 alia
1092 3459 1137 3532 de

69 3582 157 3652 veri
179 3580 484 3682 cognoscendi
509 3581 739 3656 facultate
764 3585 1000 3684 agitur3quae
1016 3606 1139 3682 quaes

69 3697 113 3773 tio
136 3727 221 3776 cum
246 3702 301 3800 ad¹
314 3727 457 3800 omnem
475 3701 730 3803 philosophiam
750 3707 927 3802 pertineat
947 3719 983 3778 et
999 3704 1044 3777 ab
1062 3705 1138 3801 ipso

70 3818 278 3920 Empedocle
294 3825 333 3896 in
349 3823 580 3926 Physicorum
599 3827 753 3920 exordio,
773 3841 816 3900 ut
835 3827 989 3920 videtur,
1009 3851 1140 3929 propo·

71 3940 128 4013 sita
155 3945 213 4038 sit,
240 3955 355 4033 nunc,
383 3947 594 4047 priusquam
619 3947 663 4021 ad
688 3948 832 4050 physica
854 3949 1139 4050 aggredimur‚a

70 4062 166 4137 nohis
188 4064 433 4165 explicabitur.

952 4193 1019 4266 ao*
