2814 4906
658 427 706 473 DE
729 427 944 476 nurznoctls

314 1449 392 1521 Jam
412 1472 555 1520 omnem
577 1442 797 1542 Empedoclis
823 1443 994 1516 rationem
1016 1443 1061 1516 de
1083 1442 1192 1519 rebus
1210 1442 1305 1514 divinis

266 1570 525 1668 humanisque,
550 1569 660 1665 ipsius
685 1564 877 1664 (quantum
902 1563 1017 1660 licuit)
1041 1565 1184 1662 vestigia
1206 1563 1305 1646 secuti,

265 1688 514 1787 explicuimus.
565 1689 668 1779 Quae
697 1683 844 1782 quidem
877 1697 1005 1785 cuncta
1034 1673 1303 1780 animo‘oompre·

263 1809 425 1882 hendens
448 1809 531 1907 quis
555 1807 604 1878 in*
619 1807 679 1878 illo
699 1807 828 1877 mentis
849 1803 1054 1893 elationem,
1077 1805 1208 1904 ingenii
1231 1801 1303 1876 soler·

263 1931 365 2019 tiam,
386 1927 506 2025 judicii
529 1952 699 2020 acumen,
721 1951 794 2000 uno
816 1924 940 2017 verbo,
961 1927 1043 2026 quis
1062 1932 1201 2025 poetam
1219 1922 1302 2023 philo-

264 2047 416 2146 sophum
440 2048 479 2119 in
495 2047 552 2120 illo
577 2072 649 2119 non
674 2043 855 2145 agnoscit?
880 2047 954 2138 Qui
974 2047 1101 2120 mundi
1122 2045 1301 2146 principium

262 2167 365 2239 finxit
385 2166 472 2252 tale,
494 2169 532 2239 in
553 2195 627 2266 quo
645 2181 735 2240 esset
757 2193 831 2240 una
853 2182 889 2240 et
908 2167 1064 2266 perfecta
1087 2168 1241 2240 omnium
1257 2188 1302 2231 na-

263 2303 428 2360 turarum
450 2287 644 2385 complexio
660 2302 696 2360 et
711 2288 911 2378 harmonia;
931 2290 997 2388 qui
1020 2315 1145 2362 rerum
1164 2286 1298 2361 elementa
1339 2369 1340 2374 ἵ

261 2408 443 2482 constituit
465 2433 523 2499 ea,
539 2434 634 2506 quae
655 2407 778 2480 omnes
801 2423 991 2508 sequentes
1013 2423 1145 2482 aetates
1166 2401 1300 2506 approba-

201 2539 203 2544 '
262 2541 372 2617 runt;
394 2530 463 2625 qui
483 2552 621 2598 caussas
648 2541 830 2601 moventes
852 2531 971 2626 posuit
996 2528 1100 2617 tales,
1121 2553 1211 2628 quae
1230 2523 1298 2594 latis·

264 2647 351 2718 sime
374 2660 468 2718 certe
489 2672 555 2744 per
577 2650 790 2722 universum
813 2650 993 2723 mundum
1014 2665 1155 2748 patent,
1178 2647 1244 2746 qui,
1263 2665 1300 2711 re·

264 2765 353 2863 jecto
388 2793 517 2860 vacuo,
551 2793 720 2866 pororum
756 2763 927 2842 rationem
959 2769 1121 2860 induxit,
1156 2794 1215 2866 per
1239 2787 1301 2863 quos

264 2888 380 2960 omnia
421 2889 460 2960 in
501 2913 539 2964 se
579 2889 732 2962 invicem
771 2904 887 2988 agant.
950 2889 1014 2962 llis
1050 2915 1133 2964 vero
1162 2883 1301 2986 principiis

263 3023 500 3107 congruenter
544 3007 699 3106 singulas
737 3024 887 3082 naturae
929 3035 985 3082 res
1021 3009 1210 3108 explicuit,
1244 3005 1300 3074 licet

262 3127 366 3224 plura
388 3153 516 3226 parum
536 3127 648 3225 juste,
673 3128 785 3203 multa
805 3144 924 3202 tamen
944 3132 1096 3228 egregie,
1121 3130 1299 3223 velutque

195 3317 198 3324 .
245 3247 307 3336 ,de
328 3248 508 3347 voluptate
533 3263 569 3322 et
589 3249 728 3339 dolore,
752 3276 845 3349 quae
867 3250 911 3324 de
932 3251 1111 3343 sensibus,
1133 3243 1298 3348 praesertin
1337 3221 1338 3278 l

262 3367 307 3440 dc
345 3370 443 3458 visu,
477 3372 659 3467 exposuit;
693 3396 850 3469 quorum
879 3397 1005 3470 magna
1033 3399 1114 3470 pars
1145 3368 1298 3444 aPlatme

263 3490 483 3589 summisque
507 3489 719 3588 philosophis
741 3473 963 3590 comprobata
985 3506 1050 3566 est.
1086 3491 1192 3585 Quod
1209 3498 1296 3561 auten

262 3606 306 3680 ad
333 3607 493 3683 divinam
523 3624 688 3684 naturam
713 3613 862 3706 attinet,
888 3613 952 3684 etsi
980 3610 1089 3711 hujus
1110 3614 1180 3687 vim
1202 3626 1293 3710 parum

263 3729 461 3827 perspexit,
485 3755 626 3829 neque,
649 3746 691 3805 ut
712 3734 953 3831 Anaxagoras,
978 3748 1168 3808 mentem
1191 3721 1294 3828 agnovit

262 3870 336 3918 esse
371 3847 497 3946 agendi
530 3851 770 3954 movendique
799 3855 1036 3952 principium,
1074 3869 1188 3930 tamen
1216 3865 1294 3949 quan

260 3964 432 4042 divinitus
472 3968 517 4042 de
554 3969 619 4044 deo
659 3971 777 4073 deque
815 3975 1016 4050 animarum
1055 3978 1186 4076 origine
1214 3959 1292 4042 canit!
1335 4049 1336 4052 ,

261 4083 417 4160 Multum
443 4103 563 4162 autem
592 4090 825 4190 disceptatum
853 4109 924 4190 est,
949 4097 986 4169 in
1013 4122 1085 4196 qua
1108 4085 1292 4196 philosophe
1335 4111 1336 4147 r
