2796 4914
483 421 726 474 annosorms.
1077 393 1150 473 ³15⁴

72 595 117 668 cis
133 591 301 683 disclusa,
321 589 460 664 naturis
479 588 636 683 diversa,
661 601 823 662 ceterum
841 603 1008 689 potestate
1030 591 1143 688 paria,

73 728 210 791 aeterna
227 727 336 813 atque
351 710 484 787 divina.
530 710 657 784 Postea
675 733 802 783 rursus
819 736 885 784 suo
901 723 1060 810 tempore
1077 737 1144 787 ve-

72 821 159 910 nisse
171 832 385 926 Amicitiam,
397 857 562 933 eamque,
573 831 716 930 repulsi
727 830 944 930 pedetentim
952 831 1143 926 Discordid,

73 957 218 1031 discreta
231 955 412 1029 elementa
434 956 529 1028 inter
549 979 587 1028 se
606 951 803 1045 miscuisse,
826 977 872 1026 ex
885 951 1145 1029 immortalibus

74 1077 229 1151 mortalia
244 1077 383 1169 fecisse,
399 1080 604 1177 murusque
623 1099 752 1148 eorum
768 1073 1057 1173 temperie-hunc
1072 1077 1145 1150 fin-

73 1199 159 1272 xisse
181 1195 364 1270 mundum
386 1222 406 1271 e
430 1197 581 1272 diversis
601 1193 794 1270 conflatum
821 1193 1029 1294 generibus,
1051 1223 1145 1298 quae

75 1316 283 1394 reluctantia
301 1319 395 1392 inter
410 1345 448 1394 se
462 1319 646 1393 Amicitiae
657 1317 802 1393 vinculo
818 1319 1021 1418 constringi.
1054 1319 1147 1395 Por·-

76 1467 110 1513 ro
132 1439 227 1512 hanc
248 1464 323 1513 esse
345 1453 496 1514 naturae
519 1440 634 1540 legem
655 1438 827 1514 divinitus
843 1440 1086 1534 constitutam,
1102 1455 1147 1515 ut

74 1560 231 1634 Amicitia
253 1575 290 1634 et
313 1561 491 1635 Discordia
513 1561 658 1636 alternis
679 1564 717 1634 in
740 1560 877 1634 mundo
896 1575 1069 1658 regnent,
1091 1565 1147 1638 al-

74 1685 142 1756 tera
173 1698 303 1757 cuncta
331 1685 369 1756 in
398 1707 518 1757 unum
546 1683 753 1776 concilians,
787 1681 896 1754 altera
926 1681 965 1754 in
992 1682 1147 1760 diversas

74 1819 185 1902 partes
211 1804 393 1880 dirimens.
444 1804 637 1879 Contrariis
663 1805 719 1878 his
740 1801 895 1876 motibus
914 1829 1057 1879 omnem
1085 1831 1145 1879 rc-

75 1952 152 1998 rum
173 1922 451 2002 vicissitudinem
470 1927 560 2024 pari.

118 2047 211 2121 Haec
234 2060 288 2119 est
307 2071 449 2119 summa
470 2044 727 2144 Empedocleae
747 2045 927 2120 doctrinae
952 2045 997 2120 de
1018 2047 1147 2122 mundi

75 2165 216 2260 fabrica,
238 2167 278 2240 in
300 2193 373 2267 qua
394 2165 512 2238 statim
534 2163 853 2240 animadvertimus
874 2166 1010 2266 aliquos
1030 2169 1147 2243 veluti

76 2286 198 2386 gradus
239 2288 455 2388 praestantia
499 2286 669 2361 diversos.
728 2287 849 2360 Primo
887 2285 961 2359 looo
999 2291 1147 2388 ponitur

75 2434 251 2482 summum
282 2407 391 2501 illud,
423 2423 551 2484 cuncta
582 2410 659 2480 und
687 2407 915 2507 complexum
943 2409 1145 2504 harmonid,

77 2533 135 2602 hoc
167 2546 220 2608 est
255 2555 410 2631 regnum
443 2531 646 2624 Amicitiae3
683 2531 848 2629 sequitur
885 2529 1146 2610 elementorum

76 2650 267 2747 dissidium,
288 2679 361 2752 quo
383 2651 596 2727 universitas
616 2676 637 2724 e
656 2651 814 2750 perfecta
838 2651 897 2726 illa
918 2655 1147 2732 consensione

78 2769 111 2842 in
130 2773 283 2851 diversas
303 2773 509 2848 distrahitur
531 2787 663 2872 partes,
681 2797 775 2872 quae
794 2785 881 2846 sunt
897 2774 999 2872 quasi
1014 2774 1146 2848 funda·

78 2911 187 2970 menta
218 2923 343 2972 rerum
376 2911 548 2986 naturae,
580 2895 646 2967 hoc
675 2909 728 2969 est
754 2893 953 2967 Discordiae
973 2921 1146 2994 regnum3

77 3032 252 3112 postremo,
272 3003 462 3117 generibus
477 3017 543 3092 illis
560 3016 697 3092 diversa
715 3015 835 3088 indole
851 3015 945 3090 inter
960 3041 997 3090 se
1011 3018 1145 3107 mixtis,
1202 3075 1203 3080 ,

77 3138 178 3212 oritur
191 3139 370 3233 mundus,
387 3138 511 3214 fluxus
525 3138 585 3215 ille
602 3163 725 3212 rerum
743 3137 846 3229 ordo,
863 3139 1145 3237 repugnantium

78 3261 245 3336 seminum
273 3263 494 3336 concretione
516 3258 700 3334 conflatus.
747 3259 842 3336 Haec
868 3259 1145 3358 nniverse31am

78 3374 205 3478 singula
228 3383 436 3483 diligentius
460 3365 725 3459 consideranda.

524 3758 680 3780 ...a-nn·-
