2768 4910
211 413 275 476 382
310 459 311 462 ,
395 423 398 428 ·
606 426 654 474 oo
677 425 896 476 omnnocms

208 621 268 670 am
305 615 556 693 cognoscamus
590 607 633 696 xet
671 591 886 690 judicemus
947 595 1075 696 ltaque
1110 595 1291 673 redeamus

206 718 299 817 jam,
329 714 430 790 unde
451 714 522 787 orsi
543 739 692 805 sumus,
716 729 753 787 et
779 740 1023 815 quaeramus,
1049 718 1140 818 quid
1162 733 1291 794 mutua
1331 706 1334 714 ¹

208 837 271 916 illa
295 837 479 912 Amicitiae
508 847 545 911 et
577 835 775 912 Discordiae
807 840 897 912 actio
930 839 1110 938 significet.
1163 841 1292 918 Revol·
1337 896 1340 903 .

206 987 337 1035 ramus
361 958 474 1058 ipsius
502 957 725 1058 Empedoclis
746 987 882 1035 versus.

258 1082 474 1174 »bifariam
499 1080 643 1181 inquit,
674 1107 817 1157 censeo:
848 1083 952 1158 modo
976 1083 1091 1158 multa
1111 1085 1149 1156 in
1173 1110 1293 1158 unum

207 1203 421 1296 molescere,
446 1203 551 1278 modo
571 1229 699 1277 rursus
719 1230 765 1280 ex
787 1231 863 1280 uno
886 1205 1000 1280 multa
1023 1205 1166 1282 diversa
1192 1207 1294 1280 exsis-

208 1324 316 1399 tere.”
367 1326 551 1399 Pertinere
572 1325 638 1400 hoc
660 1325 706 1399 ad
726 1353 851 1401 rerum
873 1341 1042 1401 usturam
1058 1326 1157 1402 etad
1178 1353 1294 1414 mun·
1373 1327 1374 1356 ³

208 1446 244 1520 di
272 1446 382 1548 bujus
410 1446 666 1540 conditionem,
698 1447 816 1547 palam
845 1463 919 1543 est;
943 1437 1021 1550 ipse
1045 1451 1148 1543 dicit,
1176 1451 1219 1522 in
1243 1449 1294 1520 bis
1373 1447 1374 1452 ’

208 1568 351 1643 duobus
396 1555 656 1642 mortalium
708 1584 828 1646 ortum
862 1584 900 1644 et
938 1573 1128 1646 interitum
1163 1569 1292 1669 (θνητῶν
1373 1591 1374 1650 ξ

206 1691 336 1791 γένεσιν
374 1705 412 1764 et
446 1686 641 1790 ἀπόλειψιν)
672 1693 783 1796 posita
811 1694 900 1768 esse:
939 1693 1087 1770 diversis
1115 1697 1219 1768 enim
1257 1697 1293 1770 iu

209 1839 329 1888 unum
361 1811 573 1886 coie'untibus
600 1839 656 1888 res
687 1818 869 1915 generari,
896 1814 1136 1889 dilabentibus
1165 1843 1292 1891 rursus
1373 1871 1374 1918 ᾗ

208 1937 390 2034 corrumpi
404 1935 469 1986 ¹⁹⁶
480 1961 491 2027 3
515 1947 625 2034 atque
645 1934 780 2035 duplici
800 1937 868 2012 boc
886 1936 1045 2028 actione,
1066 1939 1293 2012 concretione

137 2091 138 2096 ¹
208 2071 245 2131 et
286 2045 533 2146 discretione‚'
562 2081 709 2130 omnem
747 2073 902 2132 naturae
940 2057 1103 2149 fluxum,
1147 2085 1293 2133 omnem

207 2179 308 2254 ortos
339 2192 379 2252 et
406 2178 572 2252 interitus
604 2176 888 2254 vicissitudinem
918 2181 1010 2256 effici
1035 2187 1122 2252 ¹9⁷ae
1168 2181 1293 2278 Itaque

77 2307 81 2318 '
206 2301 380 2400 placitum
417 2299 515 2373 istud
547 2301 577 2373 si
612 2301 823 2400 vulgaribus
853 2302 969 2379 verbio
993 2288 1311 2400 interpretemur,'

208 2421 298 2496 nihil
320 2421 420 2496 aliud
443 2424 524 2499 vult
546 2425 613 2498 nisi
637 2421 761 2498 hocce:
786 2426 1030 2502 continentem
1052 2436 1292 2500 etaeteroam

208 2548 351 2620 esseio
382 2557 513 2620 natura
539 2547 634 2622 vitae
663 2561 700 2621 et
726 2548 850 2624 mocio
872 2546 1178 2641 vicissitudinem
1202 2545 1291 2619 alte·

208 2693 286 2741 ram
311 2668 414 2741 alteri
439 2682 614 2768 perpetuo
635 2667 848 2762 succedere3
870 2683 909 2742 et
930 2681 1061 2743 mutua
1087 2691 1217 2742 earum
1238 2689 1290 2739 ac·

207 2793 306 2865 tione
332 2805 488 2866 naturae·
508 2795 716 2868 varietatem
741 2805 960 2892 motumque
979 2789 1082 2864 effici.
1131 2791 1203 2864 Ista
1225 2815 1290 2862 au·
1373 2869 1374 2900 ἦ

208 2928 283 2988 tem
315 2928 447 2991 mutua
480 2917 569 2990 actio
600 2915 717 3017 qualis
749 2896 1009 3013 intelligenda?
1042 2937 1134 2986 num
1170 2914 1220 2986 sic
1251 2923 1291 2984 ut
1373 2937 1374 2944 ¹

30 3107 31 3112 ,
99 3134 101 3138 Ι
208 3036 338 3138 vulgo,
376 3037 481 3111 modo
515 3037 636 3130 hune,
676 3035 783 3110 modo
822 3036 925 3116 illum
955 3059 1031 3108 esse
1065 3031 1197 3110 mundi
1225 3047 1289 3106 sta·

209 3159 317 3234 tum‘l
360 3158 466 3232 modo
505 3161 617 3232 emori
649 3160 882 3244 universum,
925 3154 1031 3229 modo
1059 3149 1290 3231 reviviscere?

209 3281 296 3355 Tale
333 3280 441 3383 quid,
475 3281 572 3383 quod
614 3295 766 3354 naturae
800 3291 1035 3378 repugnaret,
1063 3275 1289 3376 Empedocles
1373 3323 1374 3332 κ

209 3430 283 3478 non
312 3406 432 3498 finxit3
454 3431 527 3478 non
549 3403 663 3482 voluit
684 3404 789 3476 aliam
812 3402 880 3476 sub
898 3402 1079 3494 Amicitia,
1100 3401 1205 3475 aliam
1222 3396 1289 3472 sub

208 3527 385 3602 Discordia
409 3553 485 3600 esse
511 3525 641 3600 mundi
662 3524 932 3617 conditionem,¹
952 3524 1013 3598 sed
1039 3537 1212 3624 perpetuo
1233 3520 1287 3592 sui

209 3649 372 3725 similem.
426 3650 500 3724 Hoc
521 3653 640 3754 ipsum
660 3646 830 3749 eiobjicit
848 3647 1054 3724 Aristoteles
1077 3648 1196 3720 dicens
1211 3645 1285 3709 ¹⁹⁸:

31 3813 33 3817 v
124 3785 143 3907 9
210 3772 265 3862 τὸν
292 3774 417 3872 κόσμον
441 3775 590 3872 ὁμοίως
611 3775 628 3848 'e'
634 3800 728 3875 χειν
750 3773 852 3867 φησὶν
873 3769 930 3848 ἐπί
948 3759 987 3848 τὲ
1006 3779 1065 3846 τοῦ
1086 3770 1218 3848 Νεὶκννς
1237 3767 1301 3838 νῦν
1373 3855 1374 3876 ἦ

242 3990 317 4059 (196)
336 3990 393 4043 vid.
411 3992 517 4061 Emped.
537 4007 585 4044 vso.
605 3993 693 4059 88-92.
725 4011 728 4020 <

242 4084 318 4151 (197)
335 4081 407 4134 Idem
426 4099 475 4136 vso.
493 4082 582 4150 96·98.

260 4174 318 4240 198)
336 4171 442 4224 Aristot.
463 4172 556 4224 Gener.
576 4180 603 4224 et
624 4173 698 4224 Corr.
720 4173 758 4229 ΙΙ,
782 4173 809 4224 e.
833 4190 856 4240 p.
878 4171 928 4233 dod
947 4174 970 4222 Β,
1011 4111 1133 4224 ὩΜῚ
