2768 4916
418 413 502 460 vira
525 411 570 458 nr
594 411 737 460 sruuus.
787 377 790 384 ’
1075 395 1112 456 ⁵1
1240 455 1245 466 ,

88 577 217 652 Addita
244 590 298 652 est
322 576 476 652 namatio
500 575 546 652 de
567 577 817 676 λογοκλοπίᾳ,
838 575 946 650 relata
967 599 1114 676 quoque
1231 613 1236 624 ·

45 734 71 776 a·
91 699 257 778 Neanthe
282 698 470 800 Cyuieeuo,
500 699 567 800 qui
593 699 691 774 idem
715 697 855 774 crimen
885 697 993 772 etiam
1021 695 1125 780 Pht,

41 823 122 898 lolao
147 823 305 920 imputat
325 831 404 890 ¹⁴²:
426 821 515 916 φησὶ
537 817 575 898 di
600 821 767 917 Νέουθνο,
786 822 900 898 refert
920 819 1115 920 Diogenes,

41 946 87 1022 in
106 944 214 1046 μέχρι
233 939 400 1020 ,Φιλολάου
422 943 480 1018 aa>
499 941 761 1041 Ἐμπεδοκλέους
780 941 959 1022 ἐκοινώνουν
988 944 1018 1016 οἱ
1042 950 1116 1018 I'lo·

41 1068 200 1167 θυγοριοιο)
224 1069 287 1142 τῶν
311 1065 451 1165 λόγων·
481 1063 555 1142 ἐπε)
583 1064 622 1146 δὲ
652 1068 751 1149 οὗτοι
777 1059 1033 1164 (Ἐμπεδοκλῆς)
1059 1058 1116 1138 aaa

40 1196 90 1283 τῆς
111 1189 270 1281 ποιήσεων
287 1185 521 1285 ἐδνμοοὶευοεν
541 1190 652 1283 οἴνοιο,
670 1189 765 1287 νόμον
786 1187 893 1266 ’ἔθεντο
915 1183 1029 1283 μηδεν)
1054 1207 1118 1279 μο-

40 1313 190 1392 τοδῶοειν
224 1311 380 1410 ἐποποιῷ.
439 1312 630 1388 Caeterum
660 1337 773 1413 quem
808 1307 1116 1412 Pythagoreorum

40 1436 266 1537 Empedocles
291 1435 491 1527 audiverit,
517 1433 699 1510 Neauthes
724 1459 798 1508 uon
824 1431 939 1524 dixit,
960 1443 1006 1504 ut
1027 1427 1117 1500 Dio-

40 1583 139 1656 genes
173 1570 285 1632 uotat.
337 1556 408 1628 Istc
443 1569 566 1632 autem
602 1555 778 1651 narratio,
807 1553 1116 1655 Pythagoreorum
1175 1638 1177 1646 Α

40 1678 230 1752 doctrinam
261 1677 306 1752 ab
336 1675 405 1752 illis
437 1705 503 1778 per
535 1681 679 1756 furtum
700 1677 940 1779 divulgatam,
963 1671 1116 1771 ideoque

38 1799 121 1895 ipsos
145 1797 306 1874 sodalitio
327 1800 488 1876 exclusos
515 1825 591 1874 esse
614 1808 694 1891 ¹⁴³,
715 1821 827 1899 quam
849 1795 963 1870 futilia
984 1794 1030 1866 sit
1052 1791 1118 1864 ha·

39 1917 167 2010 benda,
200 1946 248 1994 ex
269 1919 338 1996 hoo
359 1921 510 2022 judicari
533 1899 665 2021 potest,
699 1918 799 2021 quod
825 1911 1050 2015 Empedoclis
1081 1926 1118 1987 et

39 2039 180 2115 Philolai
202 2055 317 2116 aetate
335 2043 639 2144 Pythagoreorum
654 2042 817 2116 instituta
838 2052 875 2112 et
891 2035 1020 2135 placita
1037 2055 1117 2106 uon

39 2161 186 2260 amplius
203 2187 331 2237 arcana
347 2177 468 2256 erant,
484 2178 521 2238 et
536 2163 647 2262 quod,
663 2177 804 2238 mortuo
822 2155 1020 2261 Pythagorei
1036 2165 1117 2246 ¹⁴⁴,

38 2281 164 2356 sodales
197 2281 346 2382 dispersi
380 2297 417 2358 et
451 2284 601 2359 sodalitii
632 2283 714 2383 jura
744 2281 882 2359 sublata
904 2292 1005 2354 sunt:
1031 2301 1115 2374 ergo

37 2401 96 2474 ubi
125 2403 254 2478 nullus
285 2418 361 2478 erat
395 2409 595 2482 communis
616 2431 820 2496 consessus,
840 2402 984 2478 excludi
1008 2421 1115 2473 nemo

37 2524 162 2620 potuit.
212 2525 371 2601 Fabulae
397 2526 465 2602 hae
492 2543 594 2613 aunt,
621 2543 747 2619 natae,
770 2541 813 2600 ut
838 2524 927 2598 inihi
953 2521 1115 2609 videtur,

37 2669 54 2716 e
76 2647 314 2744 posteriorum
334 2645 660 2748 Pythagoristarum
682 2648 847 2740 cerebro,
870 2646 937 2748 qui
958 2643 1113 2718 studiose

38 2789 175 2865 operam
186 2767 273 2842 dare
281 2769 451 2860 solebant,
460 2785 502 2844 ut
511 2770 777 2871 Pythagoricum
789 2767 1012 2867 disciplinam
1022 2789 1113 2863 mys-

37 2890 205 2962 teu'orum
230 2888 365 2962 nebula
388 2890 631 2984 involverent,
656 2918 730 2992 quo
755 2891 895 2964 facilius
921 2886 987 2959 hac
1009 2883 1113 2985 quasi

37 3009 221 3082 sanctitatis
241 3013 358 3108 specie
379 3037 481 3085 suam
504 3011 705 3086 nuditatem
730 3012 1112 3111 levitatemque'tcge-

38 3147 121 3205 rent.
174 3135 278 3226 Quae
295 3135 444 3234 quidem
463 3151 663 3210 commenta
683 3151 827 3210 tantum
846 3134 944 3208 abest
961 3145 1005 3204 ut
1024 3128 1110 3200 duo·

37 3276 111 3326 rum
148 3253 292 3328 illorum
330 3259 543 3356 scriptorum
575 3259 784 3332 auctoritate
816 3257 1034 3344 fulciantur,
1069 3263 1113 3322 ut
1213 3241 1215 3256 '

40 3375 155 3469 potius
186 3377 321 3451 iudicio
359 3381 446 3473 sint,
487 3378 563 3452 illos
587 3382 733 3454 'temere
765 3379 950 3453 interdum
982 3371 1112 3446 fabulis

40 3495 237 3594 credidisse3
262 3501 401 3600 quade
424 3527 464 3574 re
487 3514 643 3602 uterque
660 3501 732 3599 jana
755 3531 775 3576 a
797 3497 1013 3602 gravissimis
1035 3495 1109 3568 hisa

63 3713 134 3780 (als)
152 3712 483 3783 ud.uiogen.vr11,t⁵.
500 3725 527 3770 et
539 3715 636 3770 Eudoc.
651 3737 677 3788 p.
692 3720 746 3788 169

64 3826 135 3893 (143)
152 3827 262 3896 Euploea
273 3826 338 3880 hoec
350 3829 400 3895 jam
412 3828 446 3880 ab
458 3829 521 3886 aliis.
550 3809 709 3896 uditantes.
723 3833 750 3883 in
763 3832 874 3884 Fabricii
886 3829 947 3884 Bibl.
962 3833 1003 3882 Gr.
1018 3829 1074 3879 Vol.
1087 3831 1109 3890 I,

41 3927 59 3976 p.
70 3917 117 3966 flio
131 3922 158 3966 et
169 3915 218 3968 863
230 3925 282 3968 not.
296 3935 320 3967 ιο
328 3937 338 3978 ,·
358 3917 482 3987 imprimis
495 3936 559 3972 vero
572 3919 680 3975 Boeclrh.
693 3921 784 3973 Philol.
801 3940 825 3991 p.
841 3920 871 3973 15
883 3937 938 3991 sqq.

64 4027 136 4094 (¹44)
152 4027 226 4086 Quod
238 4002 333 4080 millii
349 4028 422 4083 brevi
441 4039 500 4099 poti
516 4031 663 4086 incendium
683 4033 862 4100 Cylonioruna.
876 4035 945 4104 quod
961 4033 1056 4083 tactam
1070 4042 1108 4080 aar

45 4126 84 4164 ron
96 4115 178 4168 multo
191 4127 248 4184 post
260 4121 360 4188 olymp.
372 4113 411 4184 δῖ’.

818 4171 988 4311 ‚ff
