2768 4910
281 415 345 478 tto
678 427 725 473 nu
749 428 967 476 uurunocms

276 596 454 670 elementa
493 605 638 670 movent
674 594 929 695 mundumque
963 594 1220 691 moderantur,
1252 599 1337 672 altera

277 717 474 790 concentus
508 728 544 788 et
573 714 799 805 harmoniae,
833 703 947 790 altera
966 717 1223 816 discrepantiae
1245 734 1277 792 et
1295 722 1336 794 di-

278 838 451 915 versitatis
476 835 655 927 effectrix,
680 836 717 907 in
744 835 895 936 singulis
919 863 1066 938 quoque
1083 843 1225 914 naturis
1239 842 1336 916 rebus·

278 985 353 1060 que
388 960 515 1032 insunt
552 971 588 1031 et
626 955 703 1034 vim
739 983 842 1032 suam
877 959 1072 1034 ostendunt
1091 963 1147 1032 ⁶0.
1202 963 1336 1036 Amicitia

279 1081 435 1156 diversas
465 1080 641 1178 cujusque
666 1081 820 1178 corporis
843 1094 981 1178 partes,
1009 1081 1169 1154 membra
1202 1097 1239 1156 et
1262 1099 1336 1157 artos

279 1216 362 1300 apte
398 1201 595 1292 consociat,
629 1203 867 1300 repugnantia
905 1202 1001 1275 inter
1035 1227 1071 1276 se
1103 1205 1282 1299 conciliat,
1305 1206 1335 1276 ad

279 1323 505 1397 harmoniam
530 1323 729 1420 componit3
754 1324 931 1398 Discordia
948 1328 1140 1400 contrarias
1153 1343 1270 1426 partes
1283 1328 1335 1400 dis·

280 1444 405 1536 trabit‚
432 1443 585 1516 alterum
611 1444 656 1516 ab
680 1443 791 1518 altero
817 1445 955 1521 divellit
977 1461 1013 1519 et
1034 1449 1076 1520 in
1098 1447 1238 1525 diversa
1257 1451 1334 1548 rapit.

42 1611 47 1639 a
76 1593 96 1622 ι’
195 1563 251 1628 a„
279 1569 407 1667 Itaque
440 1568 540 1638 utin
570 1566 701 1637 mundi
722 1568 887 1664 exemplo
912 1567 1142 1644 describendo
1163 1572 1336 1644 Amicitiam

279 1690 381 1788 lingit
403 1688 521 1760 omnia
547 1686 585 1758 in
608 1683 778 1784 sphaerae
804 1685 954 1760 modum
980 1702 1016 1761 et
1043 1691 1200 1787 speciem
1222 1718 1337 1788 compo

280 1809 414 1911 ruisse,
451 1808 667 1880 Discordiam
703 1807 742 1879 in
773 1797 912 1884 diversa
942 1809 1105 1882 membra
1136 1811 1337 1898 dilacerare

279 1933 329 2006 sic
363 1933 401 2002 in
436 1928 586 2030 singulis
622 1928 828 2028 corporibus
859 1929 917 2003 illa
944 1931 1237 2033 unumquodque
1258 1932 1336 2007 efficit

279 2068 398 2129 totum
422 2067 458 2126 et
479 2054 686 2152 integrum,
709 2051 798 2126 haec
822 2051 999 2126 disturbat
1023 2056 1122 2127 etin
1147 2069 1279 2129 atomos
1298 2054 1336 2126 tt

280 2175 380 2254 vellit
393 2164 451 2250 ⁶1}
502 2177 582 2274 Ipse
599 2176 638 2247 in
658 2175 815 2248 carmine
837 2189 1005 2249 mutuam
1023 2177 1219 2276 utriusque
1234 2179 1297 2252 vim
1310 2177 1336 2246 in

280 2299 390 2374 rebus
402 2298 611 2374 mortalibus
628 2310 790 2390 testatur,
807 2323 926 2398 quum
937 2297 1085 2378 alteram
1096 2301 1206 2393 vitae,
1219 2300 1338 2373 alteram

281 2424 379 2496 necis
403 2433 584 2494 auctorem
608 2419 693 2492 dicit
709 2423 751 2466 ⁶²
764 2447 775 2513 ;
789 2420 858 2492 illa
883 2433 999 2521 partes
1018 2421 1197 2495 sociabiles
1216 2423 1298 2494 inter
1312 2442 1338 2489 sa

281 2531 485 2644 temperans
519 2543 559 2614 in
592 2566 809 2617 consensum
840 2542 982 2642 redigit,
1014 2541 1104 2618 haec
1133 2539 1339 2616 dissociabile

281 2671 324 2739 ad
348 2665 614 2739 contentionem
639 2664 789 2764 impellit
804 2651 862 2739 ⁶⁵³.
899 2667 1062 2742 Amicitia
1086 2668 1181 2740 etin
1201 2660 1339 2739 cordibus

280 2787 471 2861 hominum
495 2812 671 2878 amorem,
692 2786 983 2886 conjunctionem
1008 2813 1207 2888 pacemque
1233 2782 1338 2870 alit⁶⁴3

280 2908 392 3008 hujus
414 2909 573 3010 denique
598 2935 685 2982 cura
710 2908 971 3008 pulcerrimum
993 2910 1157 3012 quidque
1178 2911 1216 2981 in
1238 2926 1338 2978 rerum

282 3045 411 3105 natura
435 3033 614 3131 componit
629 3045 670 3110 et
694 3046 807 3104 ornat.
833 3031 943 3126 Quid,
963 3032 1120 3131 exempli
1139 3029 1258 3130 gratia,
1271 3021 1337 3124 pul·

282 3154 378 3227 erius
401 3153 622 3228 inhumano
647 3178 813 3252 corpore,
843 3155 932 3256 quid
963 3152 1204 3228 admirabilius
1230 3145 1336 3230 oculis,

281 3277 346 3374 qui
374 3276 566 3374 praecipue
593 3273 746 3349 Veneris
770 3275 845 3353 sive
872 3277 1056 3349 Amicitiae
1081 3299 1172 3373 opus
1191 3283 1275 3344 suut
1295 3267 1337 3331 ⁶⁵·

310 3503 370 3572 (59)
395 3504 514 3560 Vidimus
532 3506 565 3559 de
581 3505 622 3558 his
640 3522 717 3575 supra
740 3508 754 3570 §
771 3524 787 3574 9
804 3514 831 3560 et
847 3521 891 3567 to,
906 3524 933 3576 p.
953 3505 1001 3556 350
1019 3521 1075 3578 sqq.

310 3594 367 3656 (6ο)
388 3595 495 3664 Emped.
515 3612 553 3648 vs.
578 3613 634 3666 ¹⁰9·

312 3685 368 3753 (61)
389 3683 519 3737 Plutarch.
540 3685 573 3738 de
592 3687 667 3740 Facie
690 3687 749 3740 Orb.
772 3688 837 3738 hun.
854 3687 910 3739 Vol.
933 3689 1031 3757 tx,·p.
1054 3685 1102 3739 662
1122 3702 1157 3754 sq.
1177 3678 1260 3734 uetat.

312 3775 368 3842 (62)
389 3775 494 3844 Emped.
513 3792 552 3829 vr.
573 3775 622 3828 335
641 3793 697 3847 sqq.

59 3925 61 3934 Α
97 3923 101 3935 ¹
239 3857 247 3910 l
313 3864 370 3931 (63)
392 3863 467 3917 Idem
483 3881 520 3917 vs.
533 3864 674 3927 aas-334.
691 3867 730 3920 Ad
732 3867 885 3938 53ιίλοί659]-
889 3883 1003 3938 'quoque
1016 3866 1177 3922 referendum
1188 3860 1252 3913 iliud
1264 3859 1339 3922 iem*

59 3923 80 3964 'l
93 3957 198 4026 μζ»)
241 3911 248 4029 l
269 3955 377 4020 Αὁμοίου
395 3958 539 4026 ἐφίεσθαι,
561 3955 593 4008 de
611 3973 664 4026 quo
684 3961 793 4026 rupmt
819 3959 862 4018 18.
884 3975 911 4026 p.
931 3956 981 4025 395
997 3973 1036 4027 sq.

311 4047 368 4108 (65)
392 4047 433 4100 ld.
456 4065 493 4103 vs.
519 4065 565 4100 rto
585 4065 623 4118 sq.

313 4135 368 4200 (65)
389 4136 428 4192 tt
448 4154 486 4190 vs.
507 4153 553 4201 227
576 4155 612 4208 sq.
631 4138 662 4190 of.
684 4136 878 4201 Lemmatrrclm
894 4137 937 4192 die
956 4136 1078 4192 Weirhcit
1099 4136 1124 4190 d.
1145 4136 1213 4200 Eup.
1234 4148 1260 4198 p·
1282 4125 1325 4177 ¹5²·
