2768 4910
498 395 740 446 annosorum.
1095 392 1158 462 417

74 560 225 638 Coelum
254 561 292 632 in
322 557 423 640 orbes
452 559 626 656 divisum,
656 563 770 636 alium
796 564 1008 661 spissiorem,
1046 568 1157 644 alium

74 681 329 774 ardentiorem3
358 682 537 754 emicuere
572 682 717 776 sidera3·
738 683 858 758 illuxit
890 686 955 777 sol,
994 689 1154 786 primum

72 804 225 877 lentiore
254 801 367 902 gradu
393 801 532 876 coelum
557 830 669 878 cresso
695 809 777 878 ae're
799 805 987 906 obseptum
1007 836 1155 908 permen

73 951 158 1015 ans,
182 923 266 998 dein
288 924 456 998 celeriore
480 937 582 998 motu
607 926 776 1006 incitatus
789 925 845 1001 ⁶⁹.
883 926 1006 1005 Tellus
1025 935 1167 1030 partim*

72 1046 225 1122 aetheris
264 1046 543 1144 compressione,
578 1047 707 1142 partim
741 1049 820 1122 solis
850 1049 964 1124 calore
992 1052 1154 1128 conden-
1259 1075 1261 1079 ·

70 1181 145 1242 sata
173 1181 220 1240 ,et
257 1167 404 1256 siccata,
438 1165 483 1238 ab
513 1191 642 1239 oceano
676 1184 809 1244 secreta
834 1185 887 1246 est
907 1180 962 1266 ⁷⁰3
987 1170 1156 1274 deinceps

70 1289 175 1389 quasi
197 1287 352 1363 secunda
379 1302 493 1362 mater
512 1288 646 1388 gremio
667 1317 732 1374 suo
756 1292 854 1365 fudit
873 1295 969 1368 varia
992 1295 1156 1368 animan·-

71 1427 155 1484 tum
169 1436 331 1510 ¹genera,
352 1409 441 1490 haec
467 1411 541 1510 ipsa
555 1438 717 1512 -quoque
743 1414 902 1512 primum
930 1415 1092 1490 inchoata
1120 1431 1156 1495 et

71 1549 220 1625 trunca,
242 1531 426 1632 paullatim
447 1557 531 1607 vero
550 1547 652 1608 aucta
678 1548 714 1608 et
733 1535 891 1634 perfecta
916 1535 959 1610 ad
979 1563 1058 1610 earn
1078 1564 1156 1637 spe·

71 1657 163 1729 ciem
180 1669 216 1728 et
233 1657 395 1754 liguram,
415 1679 510 1756 quae
531 1655 698 1754 deinceps
714 1655 892 1757 cujusque
908 1659 1051 1757 propria
1071 1685 1155 1757 pcr-

71 1775 234 1852 mansit”.
284 1776 379 1850 Haec
404 1777 626 1868 summatim3
654 1803 777 1873 porro,
811 1804 911 1878 quae
926 1768 974 1852 de
994 1779 1156 1880 singula*

71 1925 157 1973 rum
185 1924 308 1986 rerum
346 1911 475 1972 natura
510 1897 647 1998 prodita
676 1914 778 1992 suut,
810 1901 1014 1998 singulatim
1044 1927 1158 2002 expo*

71 2048 213 2098 nemus.

564 2158 661 2240 524.

128 2369 214 2439 xDo
239 2368 332 2460 coeli
344 2371 494 2466 forma,
520 2367 762 2462 descriptione
769 2419 783 2453 ,
808 2379 964 2457 natura,
989 2367 1072 2442 situ.

116 2517 151 2587 Α
176 2512 305 2587 mundi
328 2527 576 2611 etcorporum
602 2510 809 2586 coelestium
834 2510 1070 2609 descriptione
1094 2538 1154 2584 ora

69 2640 225 2712 diamur.
275 2631 525 2732 Empedocles,
545 2632 599 2704 uti
617 2633 843 2731 Anaxagoras
858 2646 894 2706 et
911 2631 973 2705 alii
987 2631 1155 2733 quidam,

70 2757 251 2832 mundum
289 2754 449 2828 statuisse
483 2752 648 2853 proditur
686 2779 824 2830 unum
861 2779 1021 2853 eumque
1058 2756 1152 2830 fini-

69 2896 161 2953 tum
185 2885 241 2952 ⁷¹.
292 2877 341 2948 Et
364 2890 475 2950 recte:
499 2873 579 2947 licet
600 2875 697 2948 enim
719 2871 754 2945 id
778 2896 855 2945 non
874 2871 1004 2946 diserte
1025 2873 1155 2947 docue-

69 3004 132 3090 rit,
166 2999 331 3100 congruit
363 3011 483 3069 tamen
513 2996 594 3092 ejus
617 2995 825 3068 sentcntiae.
878 2993 992 3085 Quod¹
1011 2992 1153 3068 unum

67 3107 250 3220 putaverit
279 3118 480 3213 mundum,
511 3116 602 3191 effici
625 3129 740 3216 potest
762 3142 807 3190 ex
831 3142 873 3189 eo
900 3116 999 3216 quod
1025 3117 1064 3189 in
1086 3145 1154 3191 na-

68 3259 172 3318 turae
197 3242 332 3342 origine
359 3237 587 3314 describenda
617 3237 719 3310 dicit:
752 3236 868 3314 πάντα
893 3241 1094 3340 συνέρχεται
1118 3239 1154 3312 ἓν

67 3366 163 3462 μόνον
185 3359 263 3440 εἶναι
277 3369 332 3456 ⁷⁹3
350 3363 437 3435 item
456 3359 553 3461 quod
570 3359 833 3456 clementorum
850 3363 1016 3460 mistione
1035 3363 1153 3435 omnia

99 3634 157 3702 (69)
175 3631 233 3684 Vid.
249 3630 380 3684 Plutarch.
396 3630 466 3684 Plac.
482 3628 543 3698 phil.
557 3627 587 3689 V,
609 3629 651 3690 ro,
672 3644 751 3698 quem
766 3626 835 3680 infra
852 3644 957 3698 quoque
973 3635 1114 3694 tangemus.

98 3724 158 3792 (70)
176 3721 234 3774 vid.
253 3721 361 3774 inferius
380 3723 394 3784 ᾗ
412 3720 452 3774 26.

95 3813 157 3882 (71)
174 3811 233 3864 Vid.
251 3811 365 3880 Simplic.
383 3811 463 3878 Phys.
478 3811 505 3870 1,
523 3809 541 3860 f.
559 3807 591 3861 36
608 3811 640 3879 ΒΞ
665 3807 697 3860 de
715 3807 792 3860 Coelo
812 3810 855 3866 11,
873 3809 891 3860 s.
912 3807 957 3870 mli
974 3808 1001 3860 Α.
1021 3807 1047 3859 in
1066 3805 1152 3865 Schol.

66 3903 174 3955 Aristot.
192 3901 286 3953 Brund.
304 3917 329 3970 p.
346 3899 395 3963 337
413 3899 445 3963 b,
464 3896 513 3950 505
529 3915 551 3950 a
591 3897 716 3951 Stobaeus
733 3894 794 3946 Ecll.
814 3893 888 3963 Phys.
909 3898 937 3960 1,
953 3914 978 3966 p.
997 3896 1054 3964 496.
1089 3897 1150 3956 Plu,

68 3991 300 4062 temnentemque
319 3989 376 4042 citt.
393 3997 447 4040 not.
466 3987 503 4052 75.

99 4084 153 4149 (72)
169 4083 276 4152 Emreo.
293 4099 330 4136 vs.
353 4081 406 4149 169·
551 4135 553 4142 ,

116 4175 179 4251 ΙΙΙ.
481 4283 484 4288 ¹
984 4194 1027 4271 27
