2850 4896
516 409 757 460 rumosorma.
1115 404 1176 468 471

147 578 320 678 Seqmtur
341 577 500 676 quaestio
524 574 569 648 de
586 573 781 649 liberorum
800 600 884 648 cum
903 578 1110 674 parentibus
1127 585 1177 656 si·

96 696 315 789 militudiue,
341 697 388 772 de
408 722 482 799 qua
503 695 638 795 duplex
661 697 881 794 potissimum
901 699 987 789 luit,
1013 713 1056 772 ut
1080 705 1175 778 Aris·

94 817 220 892 toteles
253 817 383 910 refert,
413 833 578 892 veterum
604 817 832 919 physicorum
853 825 1038 896 sententia.
1070 824 1174 898 Non-

94 938 204 1030 nulli,
232 939 300 1042 qui
323 965 369 1015 ex
390 941 581 1041 utriusque
600 943 758 1039 parentis
781 944 917 1017 semine
940 960 1085 1043 partum
1105 973 1174 1045 ge-

94 1060 288 1152 nerabant,
313 1060 477 1148 dicebant
504 1063 641 1136 loetum
663 1062 749 1136 huic
769 1065 920 1140 similem
937 1065 1078 1162 efficta
1099 1095 1173 1167 quo

93 1182 178 1282 plus
221 1184 366 1257 oriatur.
428 1181 496 1255 Alii
538 1209 623 1257 vero
662 1183 828 1258 volebant
862 1188 1063 1284 genituram
1099 1214 1173 1263 esse

92 1306 198 1404 quasi
225 1307 452 1402 πανσπερμίαν
478 1302 676 1404 quandam,
705 1305 868 1380 omnium
897 1309 1093 1407 figurarum
1114 1306 1173 1382 se-
1238 1313 1241 1318 ’

92 1427 199 1512 mina¹
217 1427 255 1497 in
281 1451 317 1500 se
340 1425 575 1524 complexam,
597 1451 755 1525 quorum
777 1427 873 1526 quod
903 1452 1026 1502 semen
1051 1429 1173 1506 valen·

93 1549 168 1622 tius
181 1563 285 1641 esset,
300 1547 386 1621 huic
403 1572 604 1646 congruum
621 1547 757 1622 foetum
776 1549 1039 1644 procreari249.
1074 1551 1173 1624 Inter

92 1669 224 1768 prioris
257 1671 451 1743 sententiae
482 1681 642 1740 auctores
672 1681 841 1740 numerat
861 1667 1116 1766 Empedoclem
1135 1685 1173 1743 ct

92 1792 354 1883 Democritum,
389 1776 588 1890 utrumque
616 1788 836 1886 redarguens
855 1797 935 1861 2⁵⁰.
985 1789 1078 1863 Cum
1106 1790 1173 1864 hoc

92 1913 176 1986 satis
202 1912 356 1985 conciuit
376 1910 607 2000 Plutarchus,
632 1908 701 1982 tale
725 1908 775 1980 illi
800 1906 962 1982 tribuens
985 1911 1190 2013 placitumt·

93 2031 322 2130 Ἐμπεδοκλῆς
354 2034 545 2131 ὁμοιότητος
572 2026 747 2131 γίγνεσθον
778 2030 853 2104 κοτ’
878 2028 1086 2130 ἐπικράτειαν
1110 2041 1172 2110 τῶν

93 2161 325 2256 σπερματικῶν
341 2155 456 2254 γόνων,
479 2151 716 2258 ἀνομοιότητος
737 2149 792 2244 di,
815 2155 872 2242 τῆι
894 2150 927 2227 ἓν
947 2155 996 2252 τῷ
1020 2159 1173 2254 σπέρμα-

93 2309 126 2355 τι
149 2277 326 2376 θερμασίας
346 2273 597 2374 ἐξατμισθείσης
611 2283 690 2346 ²⁵¹:
713 2277 737 2350 i.
762 2299 794 2349 e.
817 2273 944 2349 liberos
966 2277 1095 2351 similes
1114 2305 1173 2352 ex·

92 2405 216 2478 sistere
236 2415 426 2502 parentum
450 2400 633 2493 alterutri,
652 2397 755 2500 cujus
772 2421 894 2470 semen
912 2398 958 2472 sit
977 2398 1173 2494 valentius;

91 2524 277 2598 dissimiles
301 2537 511 2622 parentum,
530 2523 559 2595 si
578 2521 722 2596 seminis
742 2518 834 2592 calor
857 2519 909 2620 (in
927 2547 1001 2622 quo
1018 2524 1173 2598 maxime

92 2647 194 2744 vigor
227 2647 334 2743 inest)
362 2644 560 2721 evanuerit.
612 2642 792 2716 Posterius
820 2641 866 2714 ab
893 2641 1077 2744 Aristotele
1099 2669 1172 2718 non

91 2779 324 2844 memoratur.
376 2764 477 2838 ldem
506 2759 623 2862 adjicit
649 2787 796 2862 quoque
819 2765 1008 2855 rationem,
1031 2789 1097 2838 cnr
1123 2765 1171 2837 li-

125 2996 204 3065 (²49)
223 2995 327 3046 Aristot
348 2993 382 3046 de
400 2993 489 3046 Gener.
510 2990 592 3042 lnim.
611 2991 659 3051 tv,
680 2991 704 3062 β,
721 3005 745 3059 p.
764 2987 812 3040 852
828 2991 848 3041 F
867 2997 894 3042 et
910 2991 944 3042 Η.

124 3083 201 3150 (250)
218 3084 330 3142 Ibidem,
349 3085 379 3134 G:
401 3084 428 3134 οἷ
446 3082 496 3148 μὲν
513 3087 565 3152 γὰρ
583 3081 673 3150 ὥσπερ
692 3079 889 3150 Ἐμπεδοκλῆς
905 3081 1063 3150 λέγοντεςῆ
1080 3083 1170 3151 Δημό-

91 3193 185 3245 ιιρντος
204 3175 272 3243 περὶ
292 3177 341 3226 τοῦ
363 3176 467 3244 θήλεος
486 3177 534 3228 καὶ
552 3175 663 3244 dedecor
682 3179 733 3244 τὴν
751 3177 857 3237 αἰτίαν,
874 3173 958 3227 ἄλλον
977 3177 1079 3244 τρόπον
1097 3175 1168 3228 ἀδύ-

89 3287 166 3321 νατα
184 3268 319 3335 λέγουσιν·
340 3269 367 3320 οἱ
389 3269 420 3321 δὲ
443 3271 481 3339 τῷ
499 3270 630 3337 uictori)
651 3269 769 3320 ἔλαττον
788 3269 899 3320 ἀπιέναι
914 3270 968 3320 ἀπὸ
989 3271 1039 3320 τοῦ
1060 3267 1170 3336 ἄῤῥενος

88 3363 106 3430 ἢ
123 3359 247 3428 θήλεος,
268 3364 316 3414 nul
334 3363 382 3414 διὰ
402 3365 487 3416 τοῦτο
504 3366 654 3430 με’γνισθαι
674 3366 707 3414 τὸ
727 3362 777 3434 μὲμ
797 3363 889 3431 θῆλυ,
908 3365 941 3414 τὸ
960 3359 990 3414 δ’
1006 3361 1102 3432 ἅῤῥον,
1119 3363 1167 3416 οὐκ

88 3456 124 3507 ἂν
142 3454 236 3522 ἲχοιεν
253 3456 416 3518 ἀποδεῖξαι,
434 3460 500 3508 'cira
515 3455 619 3526 τρόπον
636 3456 668 3506 τό
684 3475 717 3508 τε
733 3455 809 3524 θῆλυ
827 3457 865 3522 τῷ
879 3457 968 3525 πατρὶ
988 3457 1072 3514 Iotabe
1089 3455 1168 3508 iuvas

89 3550 139 3599 νιονλ
152 3551 185 3600 τὸ
196 3547 278 3617 lidrico
290 3558 324 3617 τῇ
334 3553 426 3617 μητρί·
438 3551 495 3612 ἅμα
512 3553 564 3619 γὰρ
577 3549 674 3602 ἐλθεῖν
686 3549 771 3601 πλέον
784 3545 831 3601 ἀπ’
848 3549 1007 3618 ἀμφοτέρων
1015 3548 1165 3602 ἀδύνατον.
1206 3541 1214 3564 ⁶

86 3641 189 3691 Harum
208 3641 339 3692 rationum
355 3643 484 3710 priorem,
499 3657 567 3710 quae
584 3649 623 3693 cst
639 3639 813 3709 Empedoclis,
831 3657 884 3691 non
900 3641 948 3691 nisi
963 3639 1056 3692 leviter
1071 3641 1165 3706 tangit3

87 3731 259 3797 posteriorem
276 3731 434 3789 accuratius,
452 3746 519 3799 quae
532 3738 572 3780 est
584 3729 740 3791 Democriti,
757 3737 787 3780 ut
799 3728 876 3782 dccet
892 3729 983 3798 ipsein
995 3727 1085 3780 eodem
1096 3727 1165 3782 libro

90 3819 138 3880 tv,
158 3834 180 3880 1,
195 3835 221 3886 p.
238 3815 286 3881 8747
303 3820 333 3870 Ι).
366 3819 490 3878 Quocirca
506 3819 549 3869 hic
565 3819 672 3878 rectius,
692 3821 793 3887 opinor,
808 3819 845 3870 sie
861 3819 974 3886 legatur:
993 3821 1019 3872 οἱ
1035 3820 1085 3886 μὲν
1103 3825 1164 3891 γὰρ,

88 3908 181 3979 ὥσπερ
199 3906 408 3978 Ἐμπεδοκλῆς,
430 3910 559 3977 λέγοντες
580 3912 647 3979 περὶ
672 3913 722 3962 τοῦ
741 3910 846 3978 θήλεος
867 3911 927 3962 κτλ.
956 3914 982 3964 οἷ
1009 3912 1056 3983 dl,
1075 3915 1165 3985 ὥσπερ

88 4003 281 4072 Δημόκριτος,
305 4006 343 4074 τῷ
362 4004 461 4056 πλεῖον
479 4006 496 4070 ἢ
515 4002 643 4056 ἔλαττον.

122 4093 196 4160 (251)
212 4094 345 4148 Plutarch.
360 4095 429 4148 Plau.
446 4076 508 4164 pliil,
526 4095 557 4157 V,
575 4111 612 4146 rr.
630 4093 718 4145 Galen.
734 4093 797 4146 llist
816 4092 880 4163 phil.
901 4095 1015 4148 XXXII.
