2768 4910
499 432 740 481 annosorum.
1095 426 1158 488 tao

71 629 201 678 caussa
221 615 335 701 atque
358 615 561 698 temporum
580 603 807 693 varietatem,
825 627 910 676 cum
930 627 995 702 per
1017 629 1054 677 se
1074 631 1157 703 pro·

70 724 195 798 babile
217 735 289 809 est,
315 737 393 798 tum
420 721 693 824 olympiodorus
709 721 827 796 docet:
847 726 882 798 ri
900 726 940 800 ri
958 735 1059 803 κινοῦν
1078 729 1159 811 τοὺς

70 845 220 942 ἀνέμους
238 845 339 937 λοξὴν
359 846 476 933 κίνησιν
485 871 498 940 3
516 845 568 921 ‘dre
589 847 625 920 οὐ
642 846 681 920 rl
701 844 848 945 ’γεῶδες
872 851 941 924 nal
965 852 1010 925 τὸ
1031 857 1159 950 rupti*

71 967 141 1050 cler
167 971 241 1054 τὴν
264 965 457 1042 ἐναντίον
479 973 708 1063 κινούμενοι
733 971 906 1063 κίνησιν,
930 973 971 1053 ὡς
992 973 1158 1069 Ἐμπεδο-

70 1097 159 1184 κλῆς
191 1090 295 1190 ᾤετο,
327 1089 406 1166 ἀλλ’
441 1091 457 1164 0‘
489 1093 600 1184 κύκλῳ
632 1096 813 1187 κινούμενος
845 1091 904 1190 ἀήρ
922 1105 1002 1167 ³4².
1053 1099 1160 1190 Quae

68 1217 134 1289 hic
161 1213 388 1314 appellantur
413 1212 451 1286 τὸ
478 1210 601 1310 γεῶδες
628 1226 664 1286 et
687 1215 726 1287 τὸ
744 1211 909 1312 πυρῶδες,
928 1215 1051 1290 eadem
1071 1233 1156 1290 sunt

68 1361 172 1438 quae
202 1359 310 1432 supra
336 1338 375 1411 ri
400 1333 534 1433 ἀερῶδες
562 1351 598 1410 et
622 1316 669 1410 rl¹
688 1335 847 1434 πυρῶδες,
869 1339 953 1412 i.'e.
977 1341 1157 1438 oppositae

70 1457 169 1532 coeli
193 1457 333 1557 plagae,
358 1457 465 1530 altera
484 1458 643 1558 frigidior
657 1473 695 1533 et
710 1463 869 1551 crassior,
890 1460 998 1534 altera
1015 1461 1159 1534 calidior

69 1593 107 1651 et
136 1579 313 1674 serenior3
337 1577 471 1680 quibus
496 1579 665 1655 adversus
689 1582 902 1660 seinvicem
928 1577 1160 1656 tendentibus

68 1698 168 1774 effici
192 1712 434 1776 transversum
459 1716 653 1776 ventorum
678 1697 820 1792 ilatum,
848 1698 943 1774 adria
968 1700 1005 1772 ri
1028 1702 1159 1798 ingru-

67 1834 161 1892 ente
181 1815 344 1912 boream,
369 1821 476 1920 igned
501 1824 555 1916 vi,
586 1807 766 1896 austrum:
792 1847 883 1921 quos
908 1819 1028 1894 ambos
1051 1845 1159 1918 prae-

66 1945 199 2041 cipuos
218 1955 342 2018 ventos
363 1943 539 2018 faciebant
558 1959 716 2036 veteres,
734 1944 939 2044 Zephyrum
957 1956 994 2016 et
1013 1943 1158 2016 Eurum

65 2067 228 2140 alterurn
253 2067 396 2157 boreae,
421 2067 576 2141 alterum
601 2083 724 2141 austro
749 2066 985 2166 adjungentes
1002 2072 1081 2134 ¹⁴³.

117 2189 331 2264 Pluviam
351 2215 397 2264 ex
410 2189 631 2288 Empedoclis
646 2190 821 2263 sententia
842 2189 937 2260 nasci
956 2210 1157 2284 congruum

65 2326 145 2404 est,
167 2335 241 2384 nou
261 2337 302 2384 eo
329 2311 426 2411 quod
452 2317 512 2384 ae'r
537 2311 681 2384 densior
705 2310 821 2383 iactus
846 2307 887 2380 in
912 2332 1044 2407 aqnam
1065 2331 1155 2378 oon·

65 2481 116 2531 loci
137 2479 238 2530 nullam
256 2480 386 2531 rationem
397 2479 486 2539 habui.
500 2479 561 2549 quia
572 2479 655 2548 liquet
673 2476 819 2530 mutilatum
831 2493 893 2538 esse,
906 2489 1001 2545 eaque,
1015 2491 1081 2544 quae
1094 2476 1156 2526 Em·

64 2569 188 2638 peduclir
198 2571 301 2622 nomine
313 2569 349 2621 ibi
359 2577 695 2638 memorantur,perperum
707 2567 768 2618 huic
778 2565 913 2618 attributa.
941 2563 1045 2617 Iudicat
1054 2565 1103 2617 hoc
1115 2565 1155 2634 ip-

63 2675 124 2712 sum
139 2658 244 2712 initium
255 2661 327 2731 quod
339 2657 390 2712 tale
402 2669 455 2714 ert:
472 2657 559 2724 Ἐμπ.
575 2659 713 2724 ἔμπτωσιν
726 2660 811 2722 φωτὸς
825 2660 866 2716 εἰς
875 2660 966 2722 νέφος,
980 2657 1028 2708 καὶ
1043 2660 1156 2718 πνεῦμα

63 2751 117 2815 μὲν
126 2752 280 2806 ἀποτελεῖν
295 2755 425 2823 παρῶσαν
436 2755 471 2804 τὰ
482 2756 560 2822 νέφη,
571 2752 692 2821 ὄμβρους
706 2751 738 2802 δὲ
750 2753 879 2819 διαχέαν,
893 2751 1022 2818 χάλαζαν
1034 2750 1066 2802 δὲ
1076 2750 1157 2818 πιλῆ-

63 2863 130 2910 οοιν,
146 2831 244 2914 χιόνος
256 2845 288 2898 δὲ
300 2847 634 2916 ονμπορνλαμβανόμενόν
646 2866 674 2897 το
690 2845 741 2896 τοῦ
753 2843 906 2912 ἀερώδους,
922 2843 951 2892 ἓν
966 2842 998 2894 δὲ
1011 2847 1060 2912 τῆς
1072 2844 1156 2913 ὑγρᾶς

65 2945 116 2996 ναὶ
132 2941 280 3006 ἀτμώδους
291 2939 518 3011 (ἀναθυμιάσεως)
531 2940 632 3000 ὑετοὺς
647 2939 696 2990 nul
708 2939 823 3008 δρόσους
840 2941 888 2988 nul
902 2940 1011 3006 πάχνας
1025 2937 1085 2988 κτλ.
1122 2937 1154 2988 Itr

64 3034 108 3084 his
126 3049 180 3084 nec
194 3035 322 3085 sententia
333 3049 382 3086 uec
393 3042 525 3086 structura
539 3033 680 3086 verborum
692 3039 807 3095 courtat3
823 3037 955 3082 structura
974 3029 1031 3081 talis
1043 3045 1096 3080 ease
1108 3027 1154 3079 de·

61 3123 163 3177 bebnt:
178 3123 268 3189 'Earn
284 3125 422 3189 ἕμπτωσνν
436 3148 462 3187 φ.
472 3129 492 3177 ε’.
501 3147 526 3177 ν.
540 3128 654 3190 οννςῦμοι
662 3123 814 3176 ἀποτελεῖν
822 3122 989 3198 νζαρὼοασαν
999 3123 1034 3172 τὰ
1042 3122 1153 3186 νέφη-

62 3225 91 3267 ct
112 3217 237 3268 similiter
256 3233 337 3286 porro
359 3221 530 3287 διαχέαοαν,
549 3217 720 3286 πολήσασαν,
741 3214 1087 3284 ουμννερνλαμβανομένην.
1121 3215 1153 3263 at

61 3320 135 3376 quae
147 3310 198 3358 ista
207 3307 335 3360 sententia
346 3307 402 3362 est?
418 3307 504 3361 omnia
516 3307 580 3361 haec
591 3310 692 3362 efficere
705 3314 757 3378 τὴν
768 3309 906 3375 ἔμπτωσιν
915 3311 1002 3370 φωτὸς
1014 3309 1055 3366 εἷς
1063 3309 1152 3371 νέφος,

61 3397 222 3448 absurdum.
241 3397 335 3470 Liquet
349 3398 375 3451 in
388 3399 426 3450 liis
437 3399 558 3452 lacunam
570 3417 634 3454 esse:
649 3399 739 3466 Ἐμνν.
749 3405 830 3466 lawr.
842 3407 930 3467 φωτὸς
940 3407 981 3462 εἰς
991 3405 1089 3464 νέφος·
1103 3434 1129 3452 ··
1144 3429 1155 3474 a

61 3490 113 3538 ναὶ
134 3491 250 3554 πνεῦμα
267 3489 317 3554 μὲν
334 3492 484 3547 ἀποτελεῖν
502 3491 563 3544 uri.
596 3491 687 3546 Priora
702 3494 782 3546 verba
798 3495 931 3564 pertinent
946 3494 978 3546 od
991 3490 1153 3561 Empedoclis

59 3563 223 3630 sententiani
232 3581 264 3631 de
273 3581 389 3646 fulmine,
397 3600 463 3652 qnae
473 3567 611 3651 explentur
625 3581 710 3634 vorbis
725 3583 828 3636 Stobaei
839 3585 882 3635 cit.
893 3601 949 3653 pag.
960 3583 1016 3646 437.
1026 3589 1081 3634 not.
1096 3580 1150 3632 150.

60 3669 140 3728 Quae
152 3678 306 3748 sequuntur,
317 3689 351 3722 ex
362 3673 501 3724 Aristotele
513 3673 594 3741 petita
607 3681 680 3734 sunt,
690 3681 717 3725 et
729 3674 764 3723 ric
775 3673 831 3725 sere
841 3674 997 3742 supplenda:
1009 3672 1153 3745 [Aparta-

59 3763 149 3828 τέλης
158 3761 192 3811 τὸ
202 3763 282 3830 ξηρὸν
292 3765 339 3813 καὶ
350 3765 493 3822 καπνῶδές
502 3759 696 3831 prodicatoriae
706 3763 756 3828 μὲν
765 3765 916 3816 ἀποτελεῖν
924 3763 1039 3817 mtvid.
1047 3765 1153 3817 Aristot.

57 3853 177 3906 Meteor.
191 3855 217 3916 1,
231 3870 253 3905 e.
265 3871 343 3921 9·rr‚
358 3855 428 3908 unde
440 3854 522 3906 multa
533 3856 642 3908 verbum
655 3857 687 3908 de
701 3857 783 3908 verbo
795 3873 930 3925 expressa,
942 3865 969 3907 et
979 3857 1020 3916 11,
1034 3855 1058 3916 d.

94 3943 178 4008 (οἷον)
195 3943 338 4013 Olympiod.
359 3944 386 3994 in
404 3945 507 3997 Aristot
527 3946 637 3997 Meteor.
657 3947 689 4007 1,
709 3943 746 3997 13.
766 3943 788 3996 l.
805 3961 835 3996 rr
857 3947 885 3998 B.

94 4011 177 4098 (¹43l
194 4031 252 4084 tid.
267 4031 371 4086 Aristot.
388 4034 498 4086 Meteor.
517 4037 561 4097 11,
577 4035 601 4087 6.
617 4052 643 4103 p.
658 4034 707 4098 [137
720 4038 747 4088 Α,
778 4033 948 4104 Theophrast.
962 4033 1081 4087 delient.
1094 4049 1117 4084 c.
1131 4049 1160 4083 ο..

60 4137 86 4186 p.
108 4117 159 4183 758
183 4122 226 4173 cd.
247 4121 364 4175 Schneid.
381 4122 414 4174 cs.
437 4122 523 4177 ldcler
538 4125 756 4178 Meteorol.vett.
781 4141 806 4191 p.
827 4123 866 4176 63.
1003 4119 1005 4126 “

951 4213 1028 4286 οδ*
