2768 4910
476 426 718 474 annosorum.
831 449 837 464 ·
1068 413 1130 476 463

63 601 95 660 et
111 590 256 662 confuse
284 589 426 662 dixisse:
456 605 499 664 ut
526 591 593 666 hac
621 596 659 664 in
687 604 787 688 parte
812 591 889 689 ejus
911 588 1128 689 philosophia

63 710 180 783 merito
204 707 417 783 balbutienti
440 711 561 786 similis
582 713 627 786 ab
646 709 832 784 Aristotele
850 710 943 784 dicta
967 710 1013 784 sit
1028 718 1106 781 ¹⁹⁹.

106 949 418 1042 Quemadmodum
441 965 563 1024 autem
589 951 747 1050 partium
773 951 926 1050 corporis
950 949 1153 1026 diversitas.

63 1096 81 1143 a
110 1070 246 1144 diversa
281 1071 541 1145 elementorum
571 1073 719 1144 mistura
755 1074 888 1161 oritur,
922 1074 972 1144 sic
1007 1068 1131 1142 eadem

21 1243 23 1250 -
64 1219 194 1284 caussa,
227 1193 287 1266 illc
311 1192 447 1292 judice,
471 1195 567 1268 varia
591 1218 738 1292 quoque
765 1207 892 1265 rerum
910 1215 1041 1292 genera
1062 1215 1131 1262 va-

57 1315 194 1412 riasque
215 1316 348 1413 species
369 1313 491 1388 efficit:
513 1339 599 1386 nam
622 1327 759 1387 mutata
778 1315 951 1413 temperie
968 1324 1131 1386 mutatur

64 1434 161 1510 etiam
178 1461 350 1534 pororum
365 1436 533 1524 conditio;
551 1435 636 1508 hinc
657 1448 779 1509 autem
800 1446 871 1506 tota
894 1431 1130 1506 animantium

64 1553 202 1647 indoles,
219 1558 291 1631 vita
310 1557 498 1657 victusque
515 1555 685 1655 pendent.
736 1557 788 1628 De
806 1552 862 1627 his
880 1565 1002 1626 autem
1018 1573 1131 1648 genc-

63 1678 158 1749 ratim
179 1675 271 1748 nihil
293 1677 370 1750 fere
392 1674 437 1748 ab
458 1703 500 1749 ec
522 1676 808 1751 animadversum
829 1674 961 1772 reperi,
984 1683 1132 1767 excepto

64 1795 153 1894 quod
179 1795 225 1869 ad
255 1799 452 1870 animantes
486 1799 662 1906 aquaticas
685 1810 829 1895 spectat.
879 1795 1046 1867 Caussam
1065 1815 1130 1864 enr

64 1915 188 2012 plicans
224 1943 292 1992 cur
326 1920 437 2016 pisces
466 1921 504 1991 in
534 1944 629 2016 aqua
658 1917 796 2009 vivant,
835 1940 926 2005 non,
961 1909 1058 2013 quod
1092 1911 1131 1982 iu

65 2035 254 2137 plerisque,
284 2036 392 2128 dixit,
422 2038 535 2110 simile
564 2035 619 2109 ad'
641 2036 753 2110 simile
787 2035 891 2127 ferri3
920 2031 1132 2138 contrariam

65 2159 227 2232 rationem
247 2158 376 2232 attulit.
408 2157 567 2232 Credidit
583 2156 658 2230 illos
673 2157 845 2253 temperie
861 2178 936 2227 esse
954 2147 1132 2224 calidiores

65 2280 304 2378 (ὑπερπύρους),
337 2279 416 2352 ideo
443 2291 593 2350 naturae
618 2276 792 2350 instinctu
815 2277 852 2347 in
878 2297 1009 2372 aquam
1031 2269 1132 2342 dela-

66 2413 125 2492 tos,
149 2417 191 2475 ut
213 2403 326 2501 hujus
347 2399 481 2498 frigore
506 2396 677 2471 naturalis
702 2400 858 2495 ipsorum
884 2391 977 2466 calor
1000 2404 1133 2488 tempe·

66 2537 193 2606 raretur
208 2535 290 2593 200:
316 2521 440 2595 eadem
457 2523 496 2592 in
518 2518 585 2592 hcc
609 2521 743 2592 ratione
762 2541 848 2592 usus
871 2540 944 2616 qua
963 2510 1131 2586 universe

66 2647 234 2740 appetitus
258 2642 393 2741 expleri
417 2642 572 2734 censoir,
592 2639 637 2714 de
659 2666 734 2736 quo
756 2637 921 2712 inferius.
1043 2653 1045 2658 ·

19 2945 21 2954 ,
95 2882 163 2951 (199)
179 2887 288 2954 Aristot.
302 2886 417 2954 Metaph.
434 2888 462 2946 1,
481 2901 494 2948 7
512 2882 569 2949 (ιο)
586 2889 653 2934 extr.
670 2897 748 2952 quem
766 2879 852 2930 locum
869 2876 942 2943 attigi
961 2891 987 2943 p.
1010 2875 1068 2940 409.

96 2974 164 3041 (aco)
181 2978 241 3030 vtd.
258 2975 363 3044 Emped.
378 2977 466 3040 fragm.
485 2990 518 3026 rs.
533 2971 583 3038 244
601 2979 628 3024 et
645 2988 684 3021 nr.
702 2971 766 3036 449,
784 2976 811 3018 et
828 2981 895 3036 quae
913 2964 950 3015 ibi
967 2959 1090 3014 annotavi
1106 2959 1132 3010 in

70 3059 256 3116 Commentario.
291 3067 357 3116 Hinc
382 3071 470 3114 autem
494 3069 614 3130 apparet.
646 3059 746 3110 dictum
772 3055 837 3120 illud
865 3051 1010 3104 Plutarchia
1033 3053 1068 3101 τὰ
1084 3049 1134 3114 μὲν

70 3147 147 3216 (ζώων
159 3154 237 3225 γένη)
252 3157 425 3225 οἰκειότεραν
443 3157 483 3212 εἷς
501 3154 534 3204 τὸ
550 3153 625 3220 ὕδωρ
642 3155 694 3218 τὴν
709 3133 796 3218 ‘limi'
813 3146 891 3214 ἔχειν
909 3146 999 3211 (supra
1016 3157 1043 3209 p.
1061 3141 1137 3206 448),

71 3241 86 3290 sl
104 3261 133 3295 co
154 3249 231 3298 sensu
254 3247 396 3314 accipiatur
413 3253 444 3296 ut
463 3244 512 3309 legi
532 3242 637 3294 volebat
656 3239 789 3293 Reisliua:
811 3240 847 3288 τὰ
864 3235 915 3300 μὲν
935 3231 1075 3302 ὑγρότερα
1096 3233 1137 3290 εἰς

69 3335 96 3382 τὸ
111 3336 182 3405 ὕδωρ
197 3365 234 3378 -
252 3334 413 3404 Etnpedoclis
430 3332 572 3385 sententiae
589 3330 693 3381 minime
710 3345 854 3394 congruum
874 3326 938 3377 fore.

93 3425 226 3477 Caeterum
242 3443 275 3476 ne
292 3425 349 3495 quis
367 3432 457 3492 putet,
472 3437 539 3492 quae
558 3419 628 3488 apud
647 3417 855 3486 Theophrastum
872 3414 905 3466 de
921 3413 995 3465 ctus.
1011 3409 1093 3478 plaut.
1108 3413 1136 3472 1,

67 3527 115 3580 cap·
132 3523 196 3566 extr.
218 3514 251 3566 dc
271 3514 422 3566 animalibus
439 3519 466 3563 et
484 3510 577 3578 plantis
596 3508 720 3577 aquaticis
739 3507 847 3576 aliisque
866 3503 999 3568 leguntur,
1020 3498 1053 3552 ad
1074 3501 1136 3550 Em·

68 3605 192 3670 pedoclcm
210 3605 359 3674 pertinere5
376 3603 550 3672 pertinentes
569 3597 601 3648 ad
619 3599 811 3658 Mnesterem,
830 3594 876 3665 qui
895 3591 944 3643 etsi
962 3591 988 3640 in
1006 3587 1137 3639 nonnullis

69 3691 240 3762 Empedoclem
252 3702 368 3756 secutus,
382 3691 446 3742 haec
458 3699 544 3742 tamen
555 3687 642 3738 multis
654 3685 772 3755 partibus
783 3683 869 3744 auxit3
881 3679 963 3732 veluti
975 3675 1027 3728 hcc
1036 3677 1137 3745 ipsum,

69 3783 131 3848 quod
141 3783 184 3836 ille
194 3784 227 3836 de
238 3784 349 3853 piscibus
360 3782 470 3841 dixerat,
480 3777 513 3829 ad
526 3779 625 3847 plantas
638 3771 903 3846 quoquctranstulit:
913 3767 1136 3838 omnnstotoqse

70 3871 151 3943 ταύτῃ
167 3881 205 3943 τῇ
220 3875 288 3946 δόξῃ
308 3875 356 3924 καὶ
373 3872 539 3936 Μενέστωρ,
557 3867 588 3918 od
608 3867 691 3929 μόνον
709 3867 756 3916 ἐπὶ
772 3864 827 3916 τῶν
840 3861 928 3930 ζώων,
946 3861 1016 3916 ἀλλὰ
1028 3863 1075 3914 καὶ
1089 3863 1136 3914 tat
1244 3926 1248 3934 Ι

71 3965 117 4014 τῶν
133 3968 230 4028 φυτῶν.
267 3964 396 4032 Theopbr.
415 3961 432 4011 l.
450 3961 509 4012 l.·c.
529 3975 556 4009 αι
579 3957 652 4024 (ad),
673 3974 699 4025 p.
719 3955 766 4008 382
787 3952 926 4025 Schneid
