2768 4910
449 427 689 480 rmoeoema.
893 429 895 446 '
1047 422 1108 484 451

46 593 254 693 Empedoclis
290 594 461 696 placitum
491 608 657 694 tangens,
686 593 723 668 id
751 595 895 670 indicat:
928 597 1112 676 ἐ’κοιστον

46 717 106 815 γθιρ
126 719 230 793 atreo
252 716 327 810 (τῶν
351 717 479 816 μορίων)
500 713 532 791 ἒν
553 718 647 818 λόγῳ
672 718 733 792 τινὶ
755 722 856 813 φησιν
882 713 960 795 sisar
980 730 1058 795 ¹⁹².

86 839 188 932 Quali
209 853 331 914 autem
353 837 457 912 modo
478 852 516 914 et
536 866 611 913 ossa
628 854 827 936 etcarnem
848 855 885 914 et
902 842 984 916 alias
1002 869 1110 943 quas·

47 960 118 1032 dam
144 975 261 1060 partes
289 958 453 1034 conflatas
476 973 512 1032 et
536 960 705 1034 formatas
727 961 871 1052 dixerit,
899 966 1062 1062 partimi
1094 1003 1111 1020 ·

47 1081 111 1155 sius
129 1107 254 1158 versus
272 1081 444 1174 indicant,
464 1082 648 1182 partimin
666 1083 847 1158 Plutarchi
863 1083 1001 1158 Placitis
1017 1111 1112 1158 eom·

49 1217 263 1295 memoratur,
275 1201 378 1302 cujus
390 1201 496 1279 verba
508 1201 566 1274 hic
582 1203 769 1276 emendata
785 1228 978 1303 apponam:
989 1209 1113 1300 Ἐμττε-

50 1320 155 1414 θοκλῆι
172 1324 237 1405 rite
253 1327 315 1424 μεν
338 1321 500 1422 σοθρκοις
518 1320 697 1420 γεννοῖσθοιι
713 1319 751 1396 ἐκ
767 1327 829 1398 τιθν
840 1321 921 1400 ἰ’σιον
937 1328 979 1423 τῇ
997 1324 1113 1423 κράσει

49 1444 199 1544 τεττάρων
218 1447 408 1546 στοιχείων·
430 1446 477 1521 rit
500 1443 535 1521 dl
557 1453 677 1543 νεῦροι
699 1446 799 1542 ττνρθς
816 1449 874 1520 κον)
891 1451 973 1546 γῆς,
990 1446 1114 1530 sideros

52 1565 215 1643 θιτλοισθον
232 1565 428 1668 μιχθέντος·
446 1568 524 1648 rods
542 1565 578 1644 δὲ
604 1569 761 1666 θννχοιο
781 1572 848 1648 τοῖς
865 1567 956 1662 (riou
971 1576 1115 1668 γεννοῖσ-

52 1687 94 1765 θνι
118 1696 176 1768 τῶν
196 1697 306 1790 νεύρων
313 1743 326 1783 ,
353 1688 433 1766 κοιθθ
452 1688 501 1788 τῷ
522 1687 592 1787 ιἰἐρι
611 1690 801 1789 συνέτυχε,
830 1687 1115 1790 περιψυχθέντων·

52 1812 146 1888 irrui
175 1812 211 1890 ds
240 1811 326 1890 θνοΐν
354 1817 415 1908 μεν
438 1810 561 1894 uteros
590 1814 647 1886 κοι)
670 1809 751 1886 ’θσων
776 1814 864 1914 γῆς,
888 1811 1054 1912 τεττάρων
1078 1813 1115 1891 δε

53 1937 145 2033 σνρθτ·
157 1943 281 2012 τούτων
291 1933 538 2035 συγκραθέντων
550 1940 672 2032 μερῶν,
688 1937 701 2009 θ
707 1931 731 2010 d
737 1964 752 2032 ρ
762 1938 846 2009 ῶτιν
862 1938 920 2010 aul
939 1933 1116 2034 θοθκρνον

52 2059 181 2155 γίνεσθαι
208 2068 270 2134 τοῦ
294 2055 438 2156 οιθμοιτος
467 2059 644 2154 τηκομένων
667 2064 744 2132 19³,
795 2057 935 2131 Harum
957 2061 1114 2157 partium

53 2184 246 2281 praecipuae
270 2196 356 2255 sunt
379 2207 490 2272 caro,
515 2183 661 2274 nervi,
686 2202 790 2252 ossa.
824 2177 913 2252 Caro
931 2179 1004 2277 (cui
1026 2178 1116 2253 adde

54 2303 263 2400 unginnem)
281 2303 471 2401 composite
491 2327 537 2375 ex
557 2299 767 2400 aequalibus
786 2314 942 2400 quatuor
960 2299 1116 2374 elemen-

54 2433 156 2494 torum
172 2422 415 2522 portionibus3
433 2421 531 2526 quod
551 2449 634 2496 cum
652 2421 764 2520 ipsius
781 2419 1002 2520 Empedoclis
1015 2420 1116 2497 dictis

54 2539 144 2634 plane
176 2545 436 2618 concinit194.
487 2543 599 2618 Nervi
628 2567 675 2617 ex
706 2543 780 2640 igni
811 2555 848 2614 et
870 2555 981 2633 terra,
1006 2539 1117 2640 dupla

55 2686 152 2760 aquae
174 2664 339 2762 portione
370 2662 541 2757 admixta3
572 2662 715 2762 dequo
741 2662 806 2736 etsi
831 2663 870 2733 in
895 2664 1005 2762 ipsius
1031 2687 1118 2738 ver-

55 2804 145 2854 suum
170 2785 331 2884 reliquiis
354 2783 444 2857 nihil
468 2796 708 2876 memoratur,
726 2781 762 2855 id
784 2796 904 2855 tamen
927 2783 1021 2857 haud
1045 2785 1118 2856 im-

54 2901 235 2998 probabile3
268 2903 523 3003 aqnaeportio
546 2900 657 2998 duplo
682 2898 792 3000 major
817 2900 932 2975 addita
958 2902 1003 2976 oh
1027 2928 1118 2976 ner-

55 3041 165 3094 vorum
188 3022 387 3098 mollitiem.
437 3023 523 3096 Ossa
544 3035 664 3095 contra
687 3021 780 3096 binis
802 3037 917 3096 terrae
928 3038 970 3096 et
987 3050 1119 3122 aquae,

82 3187 146 3255 (¹9²)
163 3191 265 3242 tristor.
285 3190 319 3242 dc
340 3191 473 3251 Animal,
492 3191 516 3250 θ.
536 3205 561 3256 p.
579 3187 627 3249 θρθο
648 3189 678 3238 Ε.

84 3277 147 3344 1¹93)
162 3279 296 3331 Plutarch.
317 3280 384 3331 Pho.
396 3279 457 3348 phil.
471 3278 500 3337 v,
516 3292 561 3333 aa,
576 3278 622 3347 qui
632 3276 706 3327 locus
717 3277 793 3345 plane
804 3275 964 3330 deformatus
975 3287 1024 3342 est:
1037 3279 1118 3332 veluti

57 3382 96 3432 pro
110 3370 135 3430 ἐκ
151 3372 205 3422 τῶν
222 3374 291 3424 ἴσων
308 3371 384 3435 vulgo
398 3369 491 3436 legitur
507 3369 537 3418 ἐκ
549 3369 605 3419 τῶν
617 3367 676 3430 ἔσω,
695 3382 743 3434 pro
756 3368 823 3420 ὀστᾶ
834 3368 867 3421 δὲ
876 3370 958 3433 δυοῖν
969 3369 1029 3419 κτλ.
1042 3369 1117 3436 vulgo

58 3459 111 3511 duri
125 3464 156 3515 δὲ
173 3467 255 3517 δοκεῖ
269 3463 319 3528 μὲν
333 3463 438 3519 ὕδατος
451 3463 499 3511 καθ
514 3468 562 3530 τῆς
580 3461 630 3514 ἴσον
645 3467 712 3528 γῆς,
729 3465 870 3532 τεττάρων
883 3460 916 3515 δὲ
928 3463 1013 3532 πυρὸς
1025 3467 1118 3528 γῆς-

58 3546 154 3622 denique
164 3573 212 3624 pro
225 3559 276 3608 τοῦ
291 3551 408 3618 αἵματος
421 3555 574 3620 τηκομένων
586 3549 680 3615 legitur
693 3556 743 3605 τοῦ
757 3558 912 3619 σωματικοῦ
926 3555 1017 3613 oileus.
1029 3563 1059 3606 ut
1069 3553 1118 3604 atis

58 3639 164 3695 omittam.
183 3646 336 3698 Emendatio
351 3652 491 3705 certaret,
506 3647 600 3712 partim
612 3647 693 3712 petita
708 3662 724 3696 e
739 3646 825 3698 Galen.
845 3648 909 3698 llist.
918 3644 981 3714 phil.
990 3644 1118 3706 xxxvl,

58 3725 94 3778 ubi
108 3731 172 3784 idem
186 3736 313 3804 placitum
333 3737 481 3804 exponitur,
499 3735 595 3802 partim
614 3751 646 3784 ex
666 3736 745 3802 ipsius
763 3735 924 3804 Empedoclis
940 3733 1065 3786 versibus.
1085 3730 1118 3784 of.

57 3815 152 3874 Beclius
167 3824 193 3874 in
209 3825 342 3877 Plutarch.
361 3823 421 3875 libr.
437 3821 470 3876 de
489 3823 556 3874 Plau.
578 3839 606 3891 p.
624 3838 686 3886 2773
708 3824 795 3874 Stura.
810 3824 916 3894 Emped.
936 3840 961 3892 p.
979 3823 1027 3884 [με
1047 3838 1084 3890 sq·

83 3909 148 3976 (¹94)
164 3914 271 3984 Emped.
283 3931 331 3966 sss.
341 3913 459 3982 acharo
469 3911 501 3964 cl.
509 3911 700 3981 Theophrastus
708 3911 741 3964 de
750 3910 829 3964 Seusn
841 3915 853 3976 i
867 3929 895 3965 ro
906 3921 972 3966 extr.
984 3915 1013 3965 lv
1030 3912 1120 3980 τούτῳ

59 3991 98 4067 (tp
115 4001 216 4072 αἵματι)
234 4009 285 4074 γὰρ
301 3987 422 4071 μάλιστα
440 4007 593 4074 κεκρᾶσθαι
612 4006 647 4056 τὰ
663 4015 797 4070 στοιχεῖα.
810 4001 844 4056 de
856 4019 910 4074 quo
920 4003 979 4056 loco
993 4004 1120 4076 copiosius

59 4086 113 4142 inira
130 4093 144 4162 5
161 4096 200 4148 35.

930 4187 999 4276 29*
