2796 4914
488 369 731 422 amoenetur.
1086 360 1149 424 ³11

77 550 204 611 natura
212 533 447 634 cognoscenda
458 537 684 610 nonomnino
694 533 793 610 tollit
809 533 989 616 iudicavit
997 551 1152 632 tantum,

77 683 199 732 sensns
226 682 356 755 parum
386 656 505 732 valere
531 658 575 732 ad
602 657 765 736 universi
793 659 883 752 vim,
914 661 1087 759 principia
1114 676 1153 742 ct

77 781 167 880 leges
193 778 502 879 perspiciendum
535 780 623 856 hacc
647 807 721 856 non
750 780 937 858 oculorum
965 783 1062 876 visu,
1087 785 1150 864 sed

77 905 193 1000 potius
220 901 348 976 mentis
373 901 446 975 acie
469 901 578 976 cerni.
626 902 812 1002 Denique,
843 901 942 1002 quod
968 901 1150 1003 duplicem

77 1023 251 1097 rationem
283 1021 528 1122 distinguunt,
559 1021 707 1096 alteram
746 1022 965 1117 divinam,
1002 1023 1151 1102 alteram

77 1143 335 1237 humanam,
366 1142 403 1218 id
433 1143 668 1220 referendum
689 1144 734 1218 ad
756 1144 981 1245 Empedoclis
1001 1160 1151 1220 senten·-

77 1267 179 1359 tiam,
220 1292 330 1368 quam
367 1264 472 1346 modo
509 1265 626 1364 tetigi,
669 1281 863 1364 angustum
900 1291 976 1342 esse
1014 1269 1150 1368 ingenii

78 1389 227 1464 humani
259 1402 426 1488 captum,
462 1413 584 1462 rerum
617 1413 742 1460 arcana
780 1387 919 1488 vulgari
954 1388 1151 1466 intellectui

79 1508 299 1604 abscondita,
326 1535 394 1584 nec
424 1509 489 1581 nisi
518 1507 660 1585 divinae
688 1507 818 1580 mentis
846 1508 966 1586 afflatu
997 1513 1149 1610 agnosci.-

122 1635 183 1710 Ex
204 1631 274 1724 his,
293 1656 389 1732 quae
408 1630 570 1730 exposui,
590 1629 776 1724 universe,
794 1656 888 1730 quoe
905 1632 949 1704 sit
967 1633 1149 1731 Empedo-

79 1751 136 1826 clis
159 1752 344 1845 voluntas,
367 1776 463 1851 quae
484 1749 753 1850 philosophandi
778 1752 884 1844 ratio,
908 1751 999 1828 effici
1021 1768 1148 1854 potest.

79 1879 201 1968 Quum
220 1873 375 1966 videret,
394 1870 585 1946 imbecillos
605 1895 680 1946 esse
700 1894 839 1966 sensus,
860 1875 1013 1950 infinitas
1035 1890 1072 1950 et
1092 1877 1149 1950 in·

80 1996 214 2071 stabiles
230 2010 381 2084 naturae
397 2019 466 2086 res,
478 1991 663 2093 judicavit,
681 2018 755 2066 non
771 2019 946 2068 sensuum
963 1997 1151 2096 facultate,

80 2147 149 2194 non
171 2145 296 2194 rerum
319 2115 539 2193 naturalium
559 2114 783 2216 indagatione
804 2129 954 2192 naturae
977 2109 1151 2219 cognitioss
1259 2133 1260 2140 ’

81 2267 161 2316 nem
186 2244 280 2344 pari,
311 2240 373 2315 sed
397 2238 527 2314 mentis
550 2238 623 2310 acie
644 2236 760 2310 defixa
782 2237 821 2309 in
844 2238 972 2312 mundi
996 2243 1149 2339 speciem

80 2366 175 2465 quasi
190 2362 361 2442 divinitus
377 2357 498 2434 animo
515 2355 679 2432 oblatam.
731 2357 831 2431 Hanc
846 2359 905 2433 ille
921 2359 1083 2458 intuens,
1105 2363 1149 2436 ad

81 2487 152 2585 ejus
174 2484 382 2583 exemplum
402 2496 439 2556 et
459 2477 730 2554 similitudinem
750 2506 874 2554 rerum
894 2497 1061 2558 naturam
1080 2486 1151 2560 de-

82 2610 221 2707 scripsit.
260 2603 433 2699 Quocirca
449 2627 523 2676 non
539 2604 689 2692 mirum,
710 2603 739 2674 si
755 2602 1002 2700 Empedocles,
1022 2633 1151 2707 quarn·

82 2733 130 2806 vis
144 2729 290 2829 diligens
303 2738 456 2806 ‚naturae
474 2720 665 2821 indagator,
680 2720 863 2796 interdurn
881 2719 1000 2806 tamen
1019 2754 1150 2825 parum

83 2851 181 2927 anxie
200 2848 397 2940 curaverit,
417 2871 508 2918 num
530 2843 678 2944 cogitata
699 2871 763 2917 sua
784 2858 821 2918 et
842 2848 970 2919 mentis
990 2851 1150 2924 notiones

83 2999 159 3046 cum
179 2996 306 3046 rerum
330 2968 491 3042 sensibus
510 2965 749 3066 subjectarum
774 2971 905 3040 naturd
931 2969 1036 3067 plane
1061 2997 1150 3044 con-

83 3109 203 3192 gruant
215 3105 227 3141 1
240 3104 270 3185 1,
284 3131 332 3147 -
345 3088 406 3164 sed
422 3091 551 3162 mentis
565 3088 691 3186 spiritu
705 3088 890 3186 incitatum
905 3091 1087 3165 interdum
1099 3099 1147 3168 ita

112 3320 161 3387 (ιι)
176 3319 240 3372 Ideo
256 3315 440 3388 perstringitur
457 3332 472 3365 a
489 3313 584 3366 Galeno
601 3313 780 3384 captivator
797 3333 880 3384 φορμ.
907 3318 981 3385 κράο.
1002 3322 1042 3380 ΙΙ,
1063 3321 1146 3388 princ.

84 3409 109 3460 T.
118 3412 190 3473 XIII,
200 3428 227 3480 p.
242 3409 274 3462 30
292 3425 331 3478 sq.
365 3405 451 3458 Chart.
470 3403 552 3456 Locus
568 3406 668 3472 longior
685 3414 738 3468 τοὶς
752 3398 896 3475 *praecipua
909 3409 1063 3477 excerpsisse
1075 3403 1145 3462 suffi-

84 3501 141 3558 ciatz
154 3506 225 3574 Φέρε
241 3501 285 3566 δὲ,
299 3487 321 3551 oi
335 3502 402 3570 πρὸς
416 3499 507 3560 θεῶν,
522 3500 603 3567 εἴπερ
618 3499 670 3564 tyto
683 3500 735 3549 νῦν
749 3499 898 3568 ἀρξάμενος
911 3483 966 3552 det
977 3517 1032 3560 πως
1045 3501 1145 3568 λέγειν,

86 3595 129 3662 ὡς,
142 3601 284 3666 τεττάρων
300 3594 384 3648 ὄντων
400 3597 559 3662 στοιχείων,
579 3627 586 3643 .
603 3628 611 3642 .
628 3627 636 3644 .
655 3591 768 3652 οὐδενὸς
784 3592 870 3644 ἄλλου
887 3591 1025 3656 ξὺμφυτόν
1041 3596 1099 3646 ἔστι
1113 3599 1147 3648 τὸ

87 3689 172 3744 λευκὸν
183 3693 230 3744 καλ
241 3690 367 3758 λαμπρὸν
379 3689 475 3756 χρῶμα
487 3686 560 3754 πλὴν
569 3685 655 3754 αὐγῆς
667 3689 714 3736 καλ
727 3688 821 3756 πυρός,
837 3681 901 3738 εἶτα
913 3689 961 3737 καλ
974 3690 1022 3738 τὸν
1034 3685 1071 3738 Ἐ
1072 3704 1147 3752 μωρ-

89 3785 179 3838 dontio
197 3787 244 3838 aul
262 3783 361 3842 ἄλλους
378 3801 455 3840 τινος
472 3781 519 3832 tal
534 3783 572 3852 τῷ
588 3780 658 3847 λόγῳ
675 3780 790 3840 καλέσας
807 3782 960 3850 μάρτυρος,
984 3785 1096 3834 ἅπαντα
1112 3785 1148 3835 τὰ

89 3875 188 3948 λαμπρὰ
197 3879 310 3944 σώματα
321 3878 407 3944 πυρὸς
420 3875 553 3928 πλείστου
565 3875 696 3942 μετέχειν
707 3875 890 3942 ἀποφηναλην,
902 3876 1039 3944 ἀμελήσας
1049 3877 1147 3944 ἐμβλέ-

89 3983 133 4029 uuo
146 3975 226 4040 χιόνι.
236 4006 259 4025 ..
271 3972 374 4040 ἑτέροις
386 3989 418 4023 τε
428 3973 534 4039 μυρίοις
542 3971 596 4020 τῶν
609 3967 808 4042 λαμπροτάτων
820 3969 878 4032 ἅμα
893 3969 940 4018 καὶ
952 3973 1144 4040 ψυχροτάτων,

92 4057 144 4118 εἶτά
159 4087 227 4127 τινος
244 4066 316 4122 αὐτὰ
331 4064 593 4134 σροχειριζομὲνου,
613 4065 662 4114 τὸν
681 4063 734 4114 ἀπὸ
752 4067 800 4129 τῆς
818 4065 1014 4130 αἰσθήσεως
1030 4064 1146 4134 ἔλεγχον
