2768 4910
242 367 317 477 Ι430
649 423 696 472 nn
719 423 937 474 nnnnnocms
963 419 965 428 ·

251 593 387 694 po‘e'tice
417 603 454 664 et
481 587 679 688 praeclare,
703 591 916 690 significans,
949 590 1058 664 solem
1081 617 1191 694 quem
1214 595 1313 665 cerni-

251 741 335 788 mus
367 735 443 786 non
476 711 543 784 nisi
573 709 806 786 simulacrum
833 737 908 786 esse
942 713 1094 810 purioris
1125 711 1219 788 illius
1242 713 1315 786 lucis

251 859 347 936 quae
379 834 418 906 in
452 831 603 933 Olympo
639 831 821 930 splendet,
857 832 961 936 cnjus
995 833 1097 910 velut
1128 860 1317 934 repercusso

252 955 394 1031 lumine
421 953 472 1028 sol
499 967 619 1028 noster
649 953 817 1029 reluceat.
870 956 1002 1030 Similia
1025 955 1082 1029 his
1105 955 1163 1029 alii
1187 981 1318 1056 quoque

253 1077 482 1181 tam-antiqui
499 1101 611 1175 quam
630 1077 776 1150 seriores
794 1079 1073 1152 finxerunt115.
1124 1077 1319 1179 Olympus

251 1214 376 1274 autem
396 1197 457 1271 ille
480 1198 596 1298 qualis
620 1197 687 1289 sit,
716 1199 894 1298 promodo
922 1200 1041 1276 lucem
1065 1225 1169 1274 suam
1191 1201 1232 1271 in
1256 1198 1319 1272 solis

252 1320 398 1420 globum
413 1320 656 1412 transfundat,
674 1321 816 1422 aliaque
827 1320 1001 1420 ejusmodi
1014 1347 1087 1394 non
1104 1323 1211 1396 anxie
1225 1345 1318 1420 qum

253 1441 383 1516 reuda:
413 1443 546 1541 politica
578 1442 665 1516 haee
692 1456 779 1515 sunt
806 1467 928 1543 neque
956 1441 999 1516 ad
1030 1442 1159 1518 subtile
1187 1441 1319 1515 rationis

254 1589 405 1638 examen
437 1562 647 1641 revocanda.
699 1562 794 1636 Illud
828 1589 902 1638 non
929 1564 1105 1655 dubium,
1134 1563 1234 1663 quod
1260 1564 1319 1660 ipsa

253 1685 362 1761 verba
392 1686 566 1777 indicant,
595 1683 689 1784 quin
718 1685 915 1786 Olympum
941 1685 1002 1758 ille
1029 1686 1207 1761 vocaverit
1231 1711 1319 1757 sum·

253 1833 357 1882 mum
377 1807 531 1899 coelum,
550 1809 740 1907 purissimo
761 1805 930 1899 candore,
952 1806 1070 1880 locssm
1093 1805 1232 1878 mortali
1251 1830 1318 1876 oon

253 1927 395 2027 tagione
416 1930 629 2000 immunem.
680 1929 849 2002 Similiter
871 1929 1099 2002 Parmenides
1122 1941 1159 2001 et
1180 1927 1239 2000 alii
1253 1929 1318 1998 ¹¹⁶.

253 2048 323 2123 Sed
345 2050 491 2124 seriores
516 2048 731 2148 placitorum
753 2052 954 2148 scriptores,
980 2049 1025 2122 ad
1046 2051 1226 2149 podticum
1248 2075 1320 2122 sen-

254 2197 337 2244 sum
366 2169 547 2262 duriores,
575 2196 619 2244 ex
649 2171 716 2244 hoc
739 2174 834 2245 dicto
861 2167 1027 2272 dorcoyei
1053 2174 1132 2270 opio
1156 2166 1321 2268 ’Ὄλυμπον

253 2293 462 2386 effecerunt,
474 2292 584 2366 solem
597 2290 697 2366 hunc
708 2295 843 2392 speculi
853 2295 1049 2370 instaressc
1065 2292 1322 2394 κρυσταλλοειδῆ,
1377 2349 1378 2435 p

253 2414 449 2515 Olympum
478 2428 601 2488 autem
632 2414 696 2488 soli
729 2418 931 2514 oppositum
959 2435 996 2492 et
1025 2421 1157 2518 pariter
1184 2443 1268 2492 cum
1287 2441 1322 2488 eo

253 2537 511 2610 circumactum
521 2563 540 2629 3·
551 2537 814 2611 confundentes
835 2540 991 2613 cumbis
1009 2541 1098 2614 duas
1114 2538 1193 2612 illas
1211 2536 1322 2612 mundi
1376 2593 1377 2600 .

254 2657 428 2755 regiones,
461 2657 617 2730 lucidam
644 2673 682 2731 et
713 2685 875 2757 opacam,
906 2662 1050 2735 mutatis
1080 2661 1216 2736 vicibus
1245 2661 1322 2732 diem
1376 2607 1377 2663 l

285 2875 359 2944 (115)
378 2875 529 2943 cujusmodi
550 2884 589 2928 est
612 2877 682 2946 quod
701 2881 796 2946 pot'tae
820 2877 897 2928 etiam
920 2877 947 2926 in
966 2875 1102 2928 beatorum
1126 2875 1188 2927 locis
1209 2876 1323 2946 puriorem

253 2965 332 3016 solem
350 2965 439 3017 lucere
460 2957 577 3032 lingunt,
596 2968 626 3018 ul
645 2965 771 3018 Pindarus
790 2965 891 3034 Olymp.
913 2965 1012 3028 11‚67.
1032 2963 1066 3016 cf.
1085 2981 1153 3034 quae
1172 2966 1287 3018 annotari
1304 2964 1323 3011 in
1374 3025 1375 3034 ἵ

254 3055 363 3125 specim.
379 3055 482 3109 Pindar.
502 3072 528 3124 p.
551 3072 595 3106 soa
616 3073 651 3126 sq.
687 3057 751 3108 Cum
763 3053 921 3124 Empedocle
932 3053 1046 3107 concinit
1059 3055 1116 3108 fere
1127 3053 1323 3123 Plrilolansapnd
1374 3037 1375 3123 l

253 3145 385 3198 Plutarols.
405 3147 425 3198 l.
445 3147 466 3204 1.
484 3147 530 3216 qui
545 3145 608 3198 item
627 3147 708 3200 solens
727 3146 831 3215 Olympi
850 3145 910 3198 luce
926 3143 1084 3198 illustratum
1109 3145 1184 3200 lacit:
1211 3146 1244 3200 de
1264 3147 1323 3211 cajo
1373 3195 1374 3212 ἶ

253 3236 382 3287 sententia
401 3237 498 3288 Corsin.
521 3236 549 3287 in
568 3237 699 3289 Plutarch.
720 3235 754 3287 de
774 3235 843 3286 Plac.
864 3234 927 3304 plsil.
947 3234 1011 3286 Diss.
1028 3236 1152 3306 1,p.133
1173 3253 1211 3306 sq.
1230 3231 1324 3287 Boecllr.

253 3325 341 3378 mitat
362 3343 389 3394 p.
413 3325 458 3379 123
480 3343 535 3397 sqq.
571 3329 636 3380 Item
656 3329 727 3398 quod
747 3327 781 3380 de
801 3327 854 3380 sole
872 3327 1047 3396 ὑπερκοσμίῳ
1064 3325 1244 3394 Neoplatonici
1262 3339 1322 3392 prae·

252 3415 386 3474 dicarunt,
408 3424 438 3468 ut
456 3416 565 3468 Procius
590 3418 617 3467 in
635 3417 735 3470 Platon.
760 3417 823 3469 rim.
843 3433 870 3486 p.
891 3417 956 3479 2614:
979 3420 1065 3486 διχῶς
1086 3416 1142 3486 ἄρα
1159 3419 1323 3486 &septimo
1372 3409 1373 3420 ³

254 3509 302 3576 ιτὸν
318 3508 415 3576 ἥλιον,
432 3512 479 3559 καὶ
498 3509 531 3567 ὡς
549 3507 597 3560 ἕνα
612 3511 667 3564 τῶν
684 3510 756 3562 ἔπτὰ
772 3513 819 3562 καὶ
834 3511 958 3580 ἡγεμόνα
971 3514 1026 3564 τῶν
1039 3511 1107 3562 ὅλων
1119 3513 1169 3565 καὶ
1181 3513 1322 3577 lrao'npsm,

254 3603 302 3652 nul
319 3602 353 3660 ὡς
368 3602 552 3671 &attendamur
569 3638 577 3656 .
596 3637 604 3653 .
624 3640 630 3652 .
650 3607 721 3654 κατὰ
739 3606 775 3671 δὴ
791 3609 893 3656 τοῦτον
911 3607 959 3656 τὸν
975 3607 1056 3673 λόγον
1072 3608 1120 3656 καὶ
1139 3605 1244 3672 ὅῆλιος
1255 3603 1323 3665 ὑπερ
1371 3637 1372 3648 .

254 3699 362 3759 κόσμιος
381 3694 417 3747 ὢν
438 3699 488 3755 τὰς
504 3700 593 3765 πηγὰς
609 3697 704 3765 ἀφίησι
719 3701 770 3749 τοῦ
789 3701 883 3761 φωτός.
903 3702 951 3752 καὶ
972 3698 1001 3752 oi'
1016 3722 1049 3768 ys
1065 3695 1323 3765 pericommatos

253 3789 340 3854 λόγων
358 3791 406 3843 nol
422 3795 473 3858 alp
489 3789 613 3857 dldcoyco
634 3789 789 3859 edtosico'yo
809 3793 838 3842 ἐν
853 3801 912 3851 τοῖς
928 3789 1322 3864 ὑπερκοσμωςπαραθεδώια-

252 3896 302 3934 σιν·
321 3883 381 3935 ἐκεῖ
399 3885 451 3953 γὰρ
472 3883 485 3935 ὅ
503 3883 613 3951 discede
635 3885 732 3949 κόσμος
753 3887 800 3938 nol
824 3887 855 3938 od
875 3887 938 3943 ὅλον
958 3889 1031 3951 φῶς,
1050 3887 1085 3947 ὧς
1105 3885 1166 3938 αἵτε
1186 3887 1324 3938 Χαλδαίων

251 3979 338 4044 φῆμαι
357 3976 467 4044 λέγουσι
486 3981 534 4030 καὶ
554 3979 606 4045 ἐγὼ
625 3977 773 4042 πείθομαι.
806 3977 920 4030 Eandem
939 3977 1085 4032 doctrinam
1100 3978 1141 4030 ille
1159 3975 1192 4028 ad
1205 3975 1323 4029 Platonem
1369 4039 1370 4046 ἶ

167 4075 168 4078 ’
198 4075 201 4086 ·
250 4083 356 4139 quoque
372 4073 399 4119 et
415 4069 548 4137 Orpheum
565 4068 698 4121 transfert.

283 4158 356 4225 (uli)
373 4159 412 4213 cf.
435 4173 501 4228 quae
518 4174 596 4228 supra
617 4159 739 4216 annotari
759 4160 784 4212 in
809 4160 952 4214 comment.
973 4177 999 4229 p.
1021 4175 1072 4227 ηιμ
