2768 4910
432 457 436 466 .
461 427 701 476 annosorum.
1054 415 1116 478 ttt

55 622 117 687 cos,
140 596 345 693 praesertim
371 597 436 696 qui
459 597 496 667 in
518 593 702 668 a'rboribus
725 607 761 666 et
780 592 957 668 fructibus
978 592 1116 669 haben·

55 732 118 807 tur,
139 731 177 788 ut
197 717 299 790 docet
318 716 531 789 Plutarchus
552 717 590 787 in
613 713 773 803 Placitis,
791 715 855 814 qui
876 714 973 790 locus
994 714 1116 788 admo·

54 837 132 910 dum
158 837 373 936 depravatus
399 839 448 910 sic
471 835 702 910 emendetur:
725 833 789 916 τὰς
813 833 850 911 δὲ
870 833 1032 934 διαφορλος
1054 841 1115 912 τιῖν

55 965 162 1058 χυμῶν
185 959 280 1057 παρα
299 960 363 1040 τας
383 961 443 1045 τῆς
459 961 524 1057 γῆς
545 959 752 1054 συμμετρίας
770 959 827 1034 καί
847 963 910 1034 τιῖν
928 963 1040 1055 φυτῶν
1058 960 1117 1058 γλ-

54 1080 167 1174 νετθαι,
190 1080 250 1158 διὰ
270 1080 370 1179 τίριον
389 1081 544 1156 ἑλκόντων
560 1081 624 1161 τίις
643 1079 712 1154 cirri
730 1089 789 1154 τοῦ
808 1081 985 1177 τρέφοντος
1006 1082 1116 1178 ὅμοιο-

55 1210 186 1305 μεροίας,
220 1205 328 1303 ὥσπερ
358 1186 415 1280 ἐντί
448 1211 509 1280 τῶν
538 1203 707 1302 ιἰμτέλιιν·
735 1207 771 1276 οὐ
800 1204 869 1303 γαρ
897 1207 934 1281 ai
958 1202 1116 1303 διαφοραί

56 1335 162 1404 τούτων
193 1325 445 1406 διαλλάττοντα
474 1329 529 1402 τίν
559 1322 636 1402 οἶνον
663 1335 809 1402 τοιοῦτον
835 1325 913 1403 ἀλλ’
941 1325 960 1420 ἢ
986 1325 1025 1404 ἐκ
1054 1337 1113 1403 τοῦ

56 1454 217 1549 τρέφοντος
245 1447 397 1548 ἒίαίφους
421 1458 500 1521 2⁰⁹.
531 1450 556 1521 i.
588 1474 620 1522 e.
655 1474 868 1523 »succorum
899 1449 1114 1526 differentias

56 1573 131 1647 effici
144 1573 270 1649 mutue
281 1572 514 1672 congruentia
527 1585 642 1644 terrae
654 1584 690 1642 et
701 1568 921 1666 plantarum,
931 1596 996 1669 per
1011 1597 1114 1670 poros

56 1696 101 1765 sui
121 1695 245 1770 similes
270 1710 387 1794 partes
410 1719 456 1767 ex
481 1692 597 1767 alente
621 1691 733 1762 humo
755 1689 1028 1784 attrahentium,
1052 1719 1112 1768 ve-

56 1813 101 1887 lut
127 1819 162 1888 in
186 1817 339 1893 vitibus:
372 1841 529 1915 quarum
554 1814 667 1891 varias
690 1813 820 1910 species
843 1837 916 1885 non
940 1813 1043 1887 aliam
1067 1813 1113 1888 oh

57 1961 195 2011 caussam
220 1941 364 2014 varium
389 1938 518 2011 vinum
542 1933 714 2034 praebere
738 1933 806 2005 nisi
830 1958 877 2006 ex
899 1935 1015 2008 humo
1041 1961 1114 2038 qua

57 2055 220 2134 aluntur.'’
270 2061 415 2134 Praeter
446 2059 535 2134 vites
567 2056 673 2128 etiam
698 2053 874 2128 malorum
897 2057 1114 2153 punicorum
1153 2073 1158 2081 “

57 2175 86 2246 in
107 2180 179 2279 ejus
203 2183 357 2254 carmine
381 2179 514 2252 mentio
538 2178 671 2249 fit210.

95 2303 122 2372 E
150 2329 318 2400 pororum
340 2301 541 2374 conditione
564 2299 736 2396 explicuit
759 2299 881 2387 etiam,
905 2323 972 2372 cur
995 2323 1113 2397 quae·

57 2416 122 2492 dam
139 2425 295 2512 arbores,
318 2425 458 2515 laurus,
478 2421 572 2513 olea,
588 2422 723 2520 palma,
738 2446 877 2519 semper
893 2419 1051 2512 vireant,
1068 2433 1112 2492 ut

57 2536 140 2613 docet
171 2544 384 2620 Plutarchus
419 2546 458 2615 in
493 2544 737 2644 Symposiacis,
771 2542 848 2642 ejus
884 2543 936 2614 rei
967 2565 1111 2614 causam

57 2682 229 2754 quaerens:
262 2667 336 2740 ἔνιοι
362 2671 422 2761 μὲν
452 2657 505 2740 οὖν
528 2664 708 2760 ὁμαλότητι
730 2660 874 2761 κράτειος
898 2660 1018 2738 οἴονται
1042 2691 1111 2738 τα-

56 2782 179 2873 passam
201 2789 240 2860 τί
264 2786 416 2883 φιίλλον,
439 2783 663 2882 Ἐμπεδοκλῆς
685 2782 721 2860 δὲ
743 2787 822 2881 τρίς
840 2790 949 2878 τούτῳ
970 2787 1027 2860 καί
1046 2787 1111 2860 τό·

81 2999 143 3067 (ίο9)
158 3004 289 3058 Plutarch.
307 3007 375 3058 Plac.
396 3003 459 3078 phil.
481 3006 513 3068 V,
532 3003 576 3067 26,
601 3003 660 3054 coll.
680 3003 770 3054 Galen.
792 3004 857 3055 Ilist.
877 3003 940 3074 phit.
959 3004 1111 3057 XXXVIII.

55 3082 175 3158 Praecipua
196 3113 263 3166 quae
283 3098 386 3149 correxi
404 3097 516 3148 notabo:
530 3098 607 3164 παρὰ
624 3098 672 3153 τὰς
688 3102 737 3164 τῆς
753 3102 802 3164 γῆς
820 3113 951 3165 ουμμετρ.
971 3097 1018 3145 καί
1037 3113 1065 3145 τ.
1082 3115 1110 3155 φ.

55 3188 93 3238 pro
107 3187 280 3256 παραλλαγὰς
291 3197 340 3259 τῆς
349 3191 535 3260 πολυμερείας
546 3191 594 3242 καί
605 3209 631 3240 τ.
645 3211 672 3251 φ.
708 3189 789 3240 Possit
806 3207 911 3260 quoque
924 3189 990 3255 legi:
1004 3187 1109 3258 ααροιλ·

57 3267 126 3336 ²²7&
135 3287 181 3348 τῆς
191 3284 361 3353 συμμετρίας
370 3291 419 3354 τῆς
430 3291 479 3354 γῆς
497 3287 544 3336 καί
560 3304 586 3336 τ.
604 3306 632 3346 9·
665 3280 865 3350 lntettgendap
884 3283 1039 3353 συμμετρία
1056 3283 1110 3336 οὖν
1128 3341 1130 3349 s

56 3365 141 3434 πόρων,
157 3373 189 3425 de
201 3391 252 3444 qna
264 3393 344 3444 snpra
357 3377 467 3428 diximus
478 3396 503 3448 p.
517 3376 566 3444 397
579 3392 616 3446 sq.
627 3373 661 3424 cf.
674 3372 806 3426 Plutarch.
819 3374 852 3426 de
866 3375 933 3426 Plac.
946 3372 1009 3443 phil.
1022 3376 1067 3436 IV,
1080 3391 1110 3442 9²

55 3461 116 3525 rapt
132 3463 177 3523 τὰς
194 3469 364 3534 συμμετρίας
381 3467 436 3518 τῶν
449 3468 539 3536 scopus
556 3467 606 3524 τὰς
622 3470 694 3520 κατὰ
708 3470 789 3540 μέρος
807 3471 953 3536 αίαθήοεις
968 3469 1109 3533 γίνεσθαι.

54 3544 121 3603 Porro
137 3557 182 3609 διὰ
197 3561 287 3630 πόρων
302 3561 437 3614 {Istasos
454 3562 504 3618 τὰς
520 3561 574 3611 ἀπὸ
592 3579 618 3610 τ.
637 3579 680 3630 τρ.
692 3561 900 3631 ὁμοιομερείας,
915 3578 963 3630 pro
978 3563 1111 3630 διαφορὰς

55 3639 155 3705 ἐλῦντννε
175 3655 222 3710 τὰς
240 3656 295 3705 ἀπὸ
312 3671 339 3704 τ.
359 3671 403 3721 τρι
423 3652 625 3722 πολυμερείας,
649 3651 854 3704 monstrantibus
880 3651 975 3720 partim
998 3651 1108 3708 Galeno.

54 3727 132 3795 urum
147 3742 262 3795 codIcunt
280 3744 449 3806 lectionibus,
469 3761 532 3815 quas
552 3751 628 3795 notat
644 3743 757 3796 tectius
781 3743 964 3812 ὁμοιομέρειαι
982 3749 1110 3794 vocantur

55 3835 108 3886 ‘1⁰²0
121 3833 221 3899 proprie
232 3837 374 3906 ἀπορροαί.
386 3861 419 3877 -
431 3836 549 3904 Denique
563 3836 772 3888 διαλλάττοντα
784 3840 833 3889 τὸν
845 3829 920 3889 οἶνον
931 3850 980 3904 pro
995 3848 1111 3902 χρηστι-

56 3916 92 3962 ¹I⁹
114 3915 197 3988 θῖκον,
216 3937 243 3980 et
261 3930 321 3982 ἀλλ’
343 3934 361 3999 ἢ
380 3932 409 3981 Iu
428 3931 478 3981 τοῦ
500 3930 647 3998 τρέφοντος
665 3945 713 3994 pro
725 3927 785 3980 ἀλλ’
796 3933 825 3981 ἐκ
838 3933 889 3982 τοῦ
903 3931 1056 3999 τρέφεσθαι
1067 3929 1109 3978 λδ.

56 4013 177 4085 utrumque
195 4023 267 4084 item,
287 4032 395 4094 excepto
416 4023 476 4076 ἀλλ’
498 4027 527 4091 ἢ,
545 4034 652 4076 auctore
667 4022 772 4076 GaIcnc.

84 4099 147 4170 (²¹⁰)
163 4111 218 4162 virt.
238 4115 342 4184 Emped.
364 4133 402 4168 vs,
422 4118 476 4178 stc.
