2814 4906
483 419 724 470 nummorum.
781 391 784 398 “
1079 411 1142 472 513

54 584 262 668 comedere,
287 610 404 685 quum
427 611 488 657 eae
511 610 583 658 non
606 585 709 658 modo
736 600 862 658 natura
890 585 989 659 nobis
1016 587 1139 664 affines

54 707 148 796 sint,
176 705 236 778 sed
265 704 366 778 facile
389 707 495 778 etiam
517 703 616 780 bovis
640 707 709 778 sub
733 732 877 803 corpore
900 706 1009 780 latere
1032 711 1139 805 possit

54 826 172 924 patris
190 824 246 916 vel
267 827 341 898 nati
360 826 517 913 animus,
537 839 649 898 morte
667 829 705 898 in
724 826 818 898 illius
833 827 984 901 formam
999 831 1138 911 mutati:

55 944 164 1018 unde
176 944 402 1020 victimarum
414 945 536 1020 caedes
547 961 776 1045 cognatorum
788 948 973 1046 parricidio
985 951 1139 1050 aequalis
1239 991 1247 1004 ·

55 1066 236 1162 putanda.
288 1067 381 1140 Haec
400 1069 438 1138 in
459 1066 641 1166 Κοθωρμοῖς
660 1069 788 1164 tragice
807 1067 999 1142 admodum
1016 1097 1139 1144 enun-

58 1187 127 1257 tiat
138 1195 152 1236 ³
162 1193 192 1256 ⁷.
209 1188 244 1258 Si
258 1201 376 1258 tamen
388 1203 546 1262 constare
559 1187 624 1262 sibi
637 1186 867 1287 Empedocles
878 1191 915 1260 in
933 1189 999 1262 hoc
1012 1189 1140 1264 voluis-

57 1319 135 1398 set,
151 1307 360 1404 oportuisset
376 1334 462 1381 eum
478 1310 556 1406 pari
574 1307 677 1380 modo
694 1323 831 1399 vetare,
845 1309 982 1407 plantas
993 1323 1029 1382 et
1041 1309 1140 1384 arho-

8 1413 11 1420 ’
57 1453 120 1500 res
141 1441 287 1526 tangere
300 1443 413 1529 ‘atque
431 1429 631 1521 comedere,
650 1454 767 1527 quum
790 1430 827 1500 in
844 1428 973 1502 horum
995 1457 1141 1532 quoque

60 1547 196 1620 formas
229 1551 361 1621 mutari
395 1549 554 1622 homines
587 1575 632 1623 es
666 1548 761 1620 illius
790 1551 964 1622 sententia
996 1555 1139 1648 possint.

58 1670 104 1742 Id
136 1684 257 1742 tamen
290 1696 361 1742 non
392 1671 524 1758 vetuit,
562 1671 716 1767 exceptis
742 1671 881 1767 paucis,
918 1671 1019 1744 velut
1043 1672 1142 1746 faba

59 1805 98 1864 et
121 1790 264 1880 lauro,
294 1817 314 1862 a
340 1790 473 1891 quibus
497 1789 673 1863 abstinere
701 1781 801 1887 jubet
822 1795 876 1861 ³⁸.
926 1792 994 1864 Sed
1021 1792 1058 1862 in
1083 1799 1141 1872 [ο-Υ

59 1911 163 1986 libus
188 1913 383 2010 praeceptis
408 1936 480 1982 non
506 1910 720 2008 requirenda
742 1924 795 1982 est
818 1913 960 2018 rationis
983 1891 1143 1986 constan-

60 2035 132 2126 tia,
157 2033 292 2132 quippe
313 2056 407 2131 quae
433 2057 462 2102 e-
474 2031 671 2128 priscarum
693 2021 907 2128 religionum
927 2033 1000 2104 ritu
1020 2032 1144 2126 dueta,

63 2156 182 2228 scrius
210 2182 230 2226 a
257 2151 472 2251 philosophis
499 2165 640 2248 recepta
673 2165 708 2222 et
739 2149 784 2222 ad
813 2150 991 2230 doctrinae
1018 2153 1142 2250 placita

63 2273 325 2348 accommodata
354 2286 441 2346 sunt
454 2280 510 2346 ³⁹.
563 2270 767 2369 Empedocli
793 2270 915 2346 caedes
935 2270 1014 2344 ideo
1037 2299 1144 2370 prac-

64 2397 186 2469 sertim
207 2395 392 2483 detcstata‚
412 2393 498 2493 quia
517 2394 657 2464 inimica
676 2393 721 2463 sit
739 2391 943 2466 concordiae
965 2407 1001 2466 ot
1020 2395 1143 2484 amori,

64 2517 102 2588 in
129 2515 262 2616 quibus
287 2541 471 2588 summum
495 2513 644 2587 deorum
669 2527 705 2586 et
729 2512 931 2586 mortalium
951 2513 1146 2590 bonumet

64 2634 246 2710 beatitatis
262 2635 442 2734 fastigium
461 2633 618 2732 positum
635 2633 842 2707 arbitratur:
867 2635 968 2733 quod-
987 2634 1148 2710 indicant

65 2755 184 2853 pulcri
207 2754 258 2828 illi
282 2781 426 2846 versuS,
450 2754 586 2853 quibus
611 2757 795 2851 pristinam
819 2755 1007 2829 hominum
1029 2755 1146 2828 felici-

65 2889 177 2948 tatem
202 2874 335 2948 laudat.
495 2853 504 2866 ’
831 2885 832 2888 ’

116 2997 211 3068 Nam
229 3009 272 3068 ut
294 2998 465 3070 Ascraeus
488 3008 600 3086 vates,
621 2994 668 3067 ita
693 2994 751 3066 hic
768 3020 915 3092 quoque
931 2994 1148 3092 descripsisse
1219 3027 1222 3034 ·

69 3119 215 3190 videtur
250 3118 363 3192 varias
402 3117 583 3200 humani
620 3117 798 3214 generis
834 3128 1017 3218 aetates,
1046 3114 1148 3214 cujus

103 3356 162 3420 (37)
182 3355 288 3424 Emped.
307 3373 356 3406 vss.
379 3357 505 3421 iro-4173
523 3357 584 3408 item
595 3372 630 3406 vs.
647 3373 663 3422 9
681 3373 717 3426 sq*
732 3357 821 3420 Tangit
830 3357 959 3408 Plutarch.
970 3354 1002 3406 de
1011 3357 1062 3406 Esu
1076 3369 1146 3405 carn.

70 3447 110 3504 ll,
128 3461 189 3512 9973
208 3445 264 3494 Vol.
285 3446 325 3509 X,
343 3463 367 3514 p.
390 3446 450 3497 150:
463 3449 559 3516 μικρὸν
570 3447 699 3510 ἀνάλωμα
710 3447 860 3514 ἡγούμεθα
869 3453 962 3516 ψυχήν
968 3467 981 3506 ,·
995 3447 1068 3498 οὔπω
1079 3445 1147 3511 λέγω

70 3541 150 3604 τάχα
163 3538 266 3605 μητρὸς
283 3539 299 3603 ἢ
316 3540 421 3606 πατρὸς
438 3542 455 3606 ἢ
473 3539 554 3602 φίλου
571 3543 643 3599 τινος
662 3543 679 3607 ἢ
700 3543 815 3603 παιδὸς,
837 3541 869 3599 ὡς
887 3541 984 3606 ἔλεγεν
1002 3537 1149 3604 Ἐμπεδο-

73 3631 156 3697 κλῆς,
177 3626 238 3681 ἀλλ’
255 3631 410 3696 αἰσθήσεως
429 3623 462 3684 aa
479 3634 652 3700 μετέχουσαν
672 3633 731 3682 κτλ.

103 3720 157 3790 (38)
179 3721 252 3774 Idem
276 3739 326 3774 sss.
345 3724 394 3783 418
416 3730 443 3774 ct
462 3723 517 3791 4¹9·
558 3724 681 3775 Rationes
703 3723 813 3790 explicui
833 3723 860 3774 in
879 3726 1051 3776 Commentar.

105 3813 159 3880 139)
178 3814 216 3865 Cf.
233 3813 377 3864 Commeat.
398 3810 430 3862 ad
448 3828 494 3862 vas.
513 3812 569 3876 371,
591 3811 639 3876 376
658 3830 696 3882 sq.
714 3821 741 3864 et
759 3814 816 3873 418.
847 3815 906 3864 «lam
923 3812 1064 3882 antiquitus
1083 3812 1153 3882 apud

74 3902 154 3954 Indos
178 3901 269 3954 similia
292 3901 412 3953 instituta
441 3917 488 3952 usu
515 3902 626 3966 viguisse
655 3910 745 3955 notum
773 3911 819 3955 est
854 3903 909 3954 vid.
934 3903 998 3955 Abel
1016 3905 1151 3964 Remusat.

73 3992 192 4044 Relatiou
215 3992 277 4044 d'un
297 4007 394 4056 voyage
415 3990 478 4042 dans
495 3991 520 4042 la
543 3992 663 4044 barbarie
685 4009 732 4060 par
752 3992 880 4060 plusieurs
900 3993 1056 4046 'Samene'ens
1075 3993 1108 4045 dc
1127 3994 1154 4046 la

76 4079 163 4132 Chine.

124 4172 186 4242 111.
292 4133 296 4138 ’
961 4163 1028 4243 aa
