2776 4916
253 401 316 464 184
630 421 634 430 ·
652 415 932 466 consonuimus

251 589 339 640 notat
366 577 488 641 Proclus
509 578 543 638 in
566 579 664 640 ram.
685 581 718 645 T.
744 581 795 658 lv,
817 601 850 663 p.
874 581 951 642 1412
968 581 1167 662 ‘’Euaeiruti'e
1185 634 1193 654 ‚
1214 626 1223 647 ·
1245 635 1252 650 .
1271 583 1315 650 tre

251 691 438 767 Πυθαγόρειος
468 691 517 748 aut
542 687 630 760 νῦνὸς
652 687 702 760 ΐνν,
732 689 887 766 citarista
914 689 1058 754 ἀπεκάλει
1082 695 1137 755 πᾶν
1160 695 1195 754 rt
1216 697 1314 762 saurir,

252 799 288 866 sie
300 797 429 870 ἡνωμένον
441 793 542 872 ἑαυτῷ.
572 789 655 850 Idem
668 789 700 848 iu
716 789 811 850 Aleib.
821 789 888 850 vol.
902 792 932 866 Ι,
943 812 974 873 p.
992 791 1051 852 113
1063 792 1110 852 Cr.
1139 791 1240 852 Schol.
1250 793 1315 852 Iret.

251 895 344 958 modo
370 895 477 954 citatus
501 904 531 952 et
551 892 685 953 Eustath.
707 891 812 976 odyss.
833 921 868 969 a,
890 893 966 972 422,·
995 917 1028 978 p.
1051 896 1140 959 1427.
1183 897 1316 957 Praeterea

251 1023 323 1062 vero
351 1008 365 1066 i
392 1000 608 1079 Ἐμπεδὸκλεννς
636 1003 754 1080 spuisse
782 999 857 1059 adeo
885 999 1051 1061 celebratus
1076 1013 1136 1077 est,
1167 1012 1202 1062 ut
1222 983 1316 1060 mireris

252 1109 378 1167 fleeren.
397 1104 432 1165 in
455 1101 583 1164 Stobeeo
602 1124 618 1162 e
636 1106 811 1187 conjectura
831 1102 917 1163 edere
933 1106 1063 1186 potuisse
1080 1107 1177 1187 spati
1192 1113 1230 1183 ὥς
1247 1119 1314 1171 uvat.

293 1219 371 1291 μννίν
392 1214 539 1290 surrupta,
560 1205 752 1288 ambiguum:
774 1227 846 1268 nam
865 1215 945 1290 μονὴν
960 1220 989 1269 et
1004 1214 1183 1292 perpetuitas
1201 1221 1231 1271 et
1250 1213 1316 1290 quies

253 1314 417 1400 significat,
437 1324 571 1394 κεμηγῆς
587 1322 688 1372 eutem
703 1322 732 1372 et
746 1315 942 1373 circumactus
956 1323 987 1373 et
999 1317 1158 1389 rotundum
1173 1337 1244 1398 ergo
1254 1324 1317 1394 pastu

203 1432 204 1440 ’
253 1431 384 1504 mpgypg
405 1419 551 1478 utrumvis
572 1415 741 1498 significare
760 1427 875 1499 potest,
892 1429 1037 1498 perpetua
1058 1421 1262 1496 circumactio,
1280 1418 1317 1478 rel

252 1529 336 1608 quies
353 1545 409 1604 per
422 1535 511 1583 totum
528 1521 624 1594 orbem
638 1531 755 1600 pateus.
796 1521 1007 1604 Empedoclem
1023 1521 1176 1583 interdum
1195 1523 1317 1606 ambigue

251 1627 389 1690 locutum
416 1647 476 1688 esse
502 1627 569 1709 jam
595 1625 715 1685 monuit
741 1623 921 1686 Aristoteles.
962 1626 1041 1703 Quid
1063 1637 1163 1687 autem
1185 1627 1244 1688 hoc
1263 1628 1317 1687 loco

251 1734 423 1816 appositum
444 1732 499 1808 sit,
526 1729 743 1814 quaerendum.
783 1728 963 1792 Scholiastes
981 1732 1063 1793 Arati
1082 1744 1175 1813 portur
1199 1740 1319 1814 περιηγέι

251 1839 464 1920 interpretatur
492 1846 557 1912 stig
583 1839 743 1918 στροφῆς
770 1848 835 1909 νῆν
860 1842 982 1916 μονήν,
1002 1838 1022 1896 i.
1045 1859 1072 1898 e.
1096 1841 1317 1900 circumactionis

245 1947 485 2026 perpetuitatem,
514 1939 661 2001 adhibens
687 1941 772 2000 huuc
795 1960 912 2001 tersum
939 1941 977 2001 ad
1004 1941 1136 2003 mundi
1166 1945 1315 2004 motionem

250 2047 450 2131 probandam.
494 2046 576 2106 Idem
598 2044 762 2128 significari
783 2046 899 2105 censuit
920 2045 1095 2124 Salmasius,
1125 2048 1179 2130 qui
1203 2047 1316 2107 correxit

249 2159 307 2236 Mag
334 2151 613 2237 (circuasrctaticne)
641 2159 783 2232 περιηγέίς
818 2151 867 2210 cui
894 2151 1097 2212 assentiuntur
1121 2151 1315 2212 Fullebcmius

249 2271 279 2322 et
306 2262 463 2321 licerenus.
523 2262 633 2320 Verum
663 2257 858 2339 Empedocles
888 2257 1022 2340 quuitur
1051 2255 1088 2318 de
1108 2258 1313 2344 sphaera,

247 2389 325 2450 quae
355 2387 452 2449 quum
480 2365 698 2426 elementorum
728 2364 806 2434 inter
835 2383 866 2423 se
895 2365 1092 2424 consensione
1122 2365 1313 2436 conuocato,

248 2471 398 2556 quiescere
426 2472 525 2552 potius
553 2491 620 2529 cam
648 2478 767 2551 oportet
791 2489 884 2550 quam
914 2469 1026 2528 moveri
1033 2491 1041 2544 3
1069 2470 1211 2552 quocirca
1230 2467 1314 2552 potius

247 2575 507 2657 interpretandum
536 2574 654 2634 videtur
685 2576 768 2654 quiec
797 2575 980 2648 orbiculata,
1004 2595 1076 2654 per'
1091 2586 1182 2634 totum
1211 2575 1313 2656 picium

249 2681 378 2762 diffusa,·
397 2700 458 2762 quo
480 2701 567 2740 sensu
589 2679 705 2762 aceepit
720 2681 809 2739 etiam
823 2679 989 2756 Eudemus,
1004 2681 1074 2763 qui,
1090 2691 1162 2742 teste
1177 2677 1313 2762 Simplicio

248 2805 340 2868 quem
361 2803 451 2866 supra
472 2784 642 2862 attulimus,
667 2787 700 2846 in
721 2784 780 2846 hcc
801 2797 854 2859 τὴν
876 2794 1020 2859 &grauatae
1035 2788 1133 2868 ponit.
1176 2786 1313 2846 Caeterum

246 2888 442 2972 Empedocles
468 2891 501 2951 in
524 2889 581 2950 hac
606 2890 748 2973 sphaerae
768 2891 899 2974 imagine
919 2893 1052 2953 imitatus
1075 2891 1192 2951 ridetur
1210 2891 1313 2950 Parme·

247 2992 368 3072 nidum,
385 2993 422 3055 de
443 3016 505 3079 quo
525 2996 625 3054 statim
644 2994 683 3054 ad
702 3016 744 3056 vs.
761 2995 799 3056 61
824 3018 868 3079 sq.
909 2996 994 3057 Illius
1012 2995 1127 3056 dictum
1146 2994 1233 3055 multi
1249 2989 1312 3051 cele-

166 3137 169 3142 ,
246 3098 391 3174 braruut,
414 3098 454 3158 ad
473 3120 558 3159 suam
578 3101 706 3183 quisque
725 3101 901 3161 seutentiam
922 3099 1197 3161 accommodantes:
1218 3095 1263 3156 alii
1280 3090 1310 3152 ad

247 3203 357 3266 muudi
373 3216 524 3281 naturam,
540 3216 573 3266 ut
583 3207 728 3289 interpres
741 3208 834 3284 Arati,
848 3229 939 3292 quern
952 3207 1068 3288 saepius
1081 3203 1310 3276 memoravimus,

248 3308 300 3369 ulii
319 3308 359 3368 ad
376 3309 516 3392 sapientis
537 3313 739 3372 constantiam
756 3311 1012 3388 adumbrandam,
1030 3321 1065 3370 ut
1080 3309 1248 3371 Antoninus
1261 3307 1310 3366 Im·
1374 3369 1375 3388 ,

248 3423 384 3496 perator,
415 3415 467 3497 qui
494 3415 610 3497 saepius
635 3413 693 3475 hac
717 3416 848 3498 imagine
873 3416 983 3475 utitur:
1006 3414 1066 3474 vid.
1088 3414 1170 3488 VIII,
1193 3411 1247 3489 41,
1264 3406 1308 3478 485

248 3518 290 3578 XI
298 3563 308 3594 ,
340 3517 388 3580 12.
432 3519 544 3580 Eodem
570 3519 662 3580 modo
690 3519 729 3580 als
758 3522 879 3582 Horatio
903 3520 964 3583 Sat.
986 3523 1033 3598 II,
1059 3521 1094 3597 7,
1123 3518 1180 3597 86,
1211 3515 1313 3598 sapius

248 3621 373 3683 dicitur:

371 3727 465 3788 Fortis
485 3738 516 3788 et
535 3729 569 3789 in
589 3751 619 3790 se
640 3731 706 3813 ipso
725 3741 806 3792 totus
826 3743 902 3792 teres
922 3729 1191 3817 atqoerotundus.

251 3839 281 3888 et
300 3828 339 3889 ab
358 3831 491 3893 Ausonio
512 3835 559 3896 Id.
580 3836 664 3912 XVI,
684 3834 728 3896 vir
748 3835 847 3898 bonus
868 3847 898 3898 et
919 3837 1035 3919 sapiens

374 3937 452 4012 Quid
472 3959 625 4020 proceres,
647 3941 776 4024 vanique
797 3942 871 4002 feret
890 3941 967 4026 quid
988 3941 1092 4024 opinio
1111 3939 1209 4023 vulgi,

370 4041 512 4123 Securus,
533 4045 641 4106 mundi
662 4046 756 4108 instar
774 4045 888 4108 hahens
909 4057 983 4108 teres
1003 4058 1093 4131 etque
1112 4043 1262 4109 rotundus
