2768 4916
239 374 281 435 30
637 385 686 433 DE
710 383 942 434 munuocus·

239 551 434 628 Affectabat
449 553 626 689 tragicum
646 550 831 652 quendam
846 551 978 626 fastum
996 565 1035 626 et
1046 552 1253 653 dignitatem
1265 556 1311 624 ⁷⁶:

237 679 353 750 inerat
394 675 562 751 severitas
604 674 643 753 in
688 672 867 766 vultu,
857 699 897 746 m
936 673 1053 748 verbis
1088 675 1238 774 gravitas
1259 683 1311 767 ⁷⁷,
1367 717 1368 772 i

237 797 381 872 habitus
414 821 554 894 semper
585 793 759 894 aequalis,
790 809 972 890 austerus,
1001 795 1169 872 luxuriae
1197 810 1368 896 repre·
1367 855 1368 862 ι

235 917 368 994 hensor
387 923 451 972 ⁷⁸·
443 916 577 1010 ,idem
608 941 695 992 vero
724 917 762 987 in
788 919 943 1018 corporis
967 897 1071 994 cultu
1096 918 1311 1018 magnificos:

235 973 478 1140 prodeuntem
498 1039 711 1114 asseclarum
734 1021 794 1114 vel
819 1039 1116 1141 pedisseqnorum
1142 1039 1249 1116 turba
1264 1065 1312 1115 co

235 1161 623 1256 mitabatur3'indutus
644 1175 720 1235 erat
741 1174 840 1237 veste
864 1187 1072 1262 purpurea,
1092 1163 1245 1262 crepidis
1265 1190 1313 1238 ac·

236 1286 331 1378 nais,
355 1279 567 1359 sonantibus
580 1292 636 1376 ⁷⁹,
662 1309 800 1358 comam
823 1282 939 1358 aiebat
963 1284 1139 1383 prolixam
1155 1290 1212 1358 ⁸0:
1228 1313 1313 1388 quae

234 1407 352 1511 omnia
367 1421 471 1480 eraut
484 1404 688 1506 opulentiae
705 1404 763 1479 vel
780 1404 961 1504 diguitatis
979 1407 1092 1506 signa.
1131 1408 1313 1484 Interdum

235 1541 408 1629 tanquam
438 1527 596 1634 sacerdos
626 1541 665 1602 et
690 1551 808 1626 augur
834 1525 1064 1626 procedebat,
1096 1546 1207 1629 caput
1230 1545 1314 1604 stro·
1369 1579 1370 1596 ι

234 1650 326 1748 pbiis
352 1649 542 1724 redimitus
562 1654 618 1740 ⁸¹,
645 1647 853 1747 Delphicam
877 1647 1024 1722 laurum
1049 1652 1124 1735 sive
1148 1649 1315 1751 Apollinis

145 1843 151 1862 ‘¹
265 1844 324 1913 (76)
340 1842 401 1894 vid.
418 1841 561 1894 Alcidamas
573 1852 600 1895 et
615 1841 745 1893 Diodorus
757 1840 851 1909 Epiros.
863 1839 933 1909 apud
946 1840 1053 1908 Diogen.
1067 1841 1095 1893 L.
1108 1841 1268 1905 vn1.s.56‚
1281 1859 1315 1906 70:

234 1950 348 2005 quorum
363 1932 429 1985 alter
444 1933 472 1983 in
484 1932 533 1983 boc
544 1932 717 2000 Pythagorae,
737 1929 805 1983 alter
821 1931 1004 1982 Anaximandri
1021 1932 1181 2010 imitatorem
1194 1934 1316 2000 agnoscit3

231 2026 267 2078 de
285 2021 473 2076 Anaximandro
492 2021 557 2074 nihii
575 2021 627 2074 tale
645 2021 799 2090 accepimus.

265 2115 337 2174 Quae
355 2121 517 2182 sequuntur,
531 2128 648 2178 magnam
663 2120 765 2181 partem
778 2110 858 2163 retuli
873 2127 888 2162 e
904 2108 1052 2163 Phaaorino
1065 2112 1135 2181 apud
1150 2114 1227 2184 Diog.
1237 2117 1324 2170 Laert-

232 2205 314 2265 vm,
330 2202 369 2267 73.
387 2201 418 2254 cl
431 2202 540 2269 Hesych.
553 2200 633 2252 Miles.
644 2210 671 2252 et
683 2201 774 2252 Suidaa
786 2201 815 2252 in
834 2199 1040 2269 Ἐμπεδοκλῆς.

264 2298 318 2358 (77)
344 2291 446 2344 Iudicat
463 2294 519 2357 ejus
536 2291 624 2351 atiiu'r,
641 2290 744 2362 dequo
761 2291 871 2344 inferior
890 2295 903 2358 ς
925 2307 964 2342 ιι.

265 2385 325 2449 (78)
343 2384 402 2434 Huc
414 2388 514 2450 spectat
526 2381 581 2447 ejus
590 2379 688 2432 dictum
701 2382 728 2432 in
740 2380 927 2447 Agrigentinos,
940 2379 1009 2433 inira
1020 2390 1081 2451 post
1091 2381 1183 2450 fragm.
1194 2386 1316 2450 relatum

233 2479 352 2542 spectant
362 2472 451 2540 plures
463 2471 518 2545 ejus
530 2486 579 2520 vos.
595 2479 625 2522 ut
636 2471 723 2524 nobile
734 2471 815 2534 iliud,
830 2476 979 2541 νηστεῦσαι
998 2474 1159 2542 κακότητος.

264 2569 318 2632 (79)
335 2562 373 2617 Cf.
386 2563 480 2615 helian.
491 2560 522 2612 V.
533 2565 565 2614 Η.
577 2562 695 2627 xr1,3o.
713 2565 887 2618 Tertullianus
898 2567 932 2618 de
940 2565 1018 2634 pallio
1026 2582 1048 2618 c.
1062 2567 1085 2628 4.
1097 2565 1253 2637 Πορούραν
1261 2583 1316 2619 eum

229 2655 351 2707 sumsisse
362 2652 425 2704 dicit
440 2652 618 2718 Phavorinua3
636 2653 779 2705 secundum
796 2656 930 2708 Aelianum
941 2656 1076 2730 oloarpya
1092 2661 1244 2730 ἐχρήσατο,
1254 2675 1342 2730 quae.

231 2743 596 2815 parumautnihildiffernnt
615 2743 765 2794 Secundum
775 2743 1001 2810 Tertullianum,-
990 2752 1130 2803 sericatus
1145 2759 1172 2804 et
1183 2751 1315 2822 crepidam

231 2843 336 2887 aeratus
355 2835 472 2887 incessit.
489 2835 566 2900 digne
584 2832 706 2902 quidem
700 2843 730 2885 ut
740 2834 927 2888 bacchantibus
939 2839 1097 2892 indumentis
1107 2842 1207 2913 aliquid
1217 2842 1316 2894 sublim

230 2924 314 2986 niret,
338 2922 458 3002 cymbalo
476 2921 604 2974 ἰιιοιιιίι.Ἰ
643 2922 784 2976 Praeterea
804 2925 951 2979 calceorum
972 2931 1076 2982 etiam'
1070 2949 1097 2982 ιιι
1116 2931 1268 2984 narratione
1284 2931 1315 2982 de

229 3012 298 3066 illius
318 3013 392 3065 obitu
409 3014 506 3065 mentio
521 3012 559 3064 fita
590 3011 643 3065 vid.
671 3013 747 3068 inira.
789 3017 887 3070 Eudoc.
909 3034 939 3087 p.
965 3035 1019 3084 ¹7⁰·
1027 3019 1084 3073 Hi
1099 3023 1179 3074 calcei
1197 3024 1315 3089 ἀμύιιλοι

228 3103 394 3173 appellantur
412 3121 428 3156 a
445 3103 524 3156 Suida
544 3104 569 3155 in
589 3100 786 3177 Ἐμπεδοκλῆς
800 3116 827 3160 et
849 3107 997 3174 Ἀμύκλαι.
1023 3111 1105 3164 Erant
1123 3115 1245 3179 ἀμῠκλαι
1263 3118 1315 3170 aive

225 3194 403 3275 ἀμιιιλολθις
432 3209 511 3275 genna
537 3195 705 3264 crepidarum
732 3199 889 3268 pretiorum,
926 3202 1088 3258 alaooniae
1110 3207 1177 3260 urbe
1206 3209 1315 3278 Amyclis

228 3287 447 3355 cognominatum.
474 3285 535 3342 Vid.
554 3286 696 3354 Hesychius
718 3299 746 3341 et
763 3293 851 3359 lutpp.
869 3289 1009 3345 inhiet
1026 3297 1126 3364 Menag.
1145 3299 1218 3353 Obss.
1231 3301 1315 3354 Ῑιοὸιι

229 3395 256 3448 p.
274 3378 330 3431 382.

261 3470 320 3534 (ao)
337 3467 481 3520 cttuniu·
498 3464 532 3518 de
549 3482 623 3520 coma
640 3485 662 3521 c
678 3471 694 3531 d
711 3480 739 3523 et
758 3487 781 3535 7,
797 3471 824 3524 in
836 3473 943 3527 Gruteri
961 3476 1050 3545 Lamp.
1060 3477 1090 3530 T.
1104 3479 1150 3541 IV,
1160 3495 1187 3547 p·
1202 3477 1315 3542 bri-boo

228 3567 257 3610 et
268 3556 324 3610 533.
339 3559 383 3610 cit.
401 3559 484 3610 Stura.
502 3556 538 3613 Ut
547 3559 719 3622 ἀμιικλοΐδες
727 3561 765 3616 aio
775 3569 861 3634 ιομᾷν
869 3571 953 3628 (coma
962 3567 1076 3636 prolixa)
1086 3567 1317 3633 suitliorieurium,

227 3656 295 3701 teate
306 3645 428 3700 Pbiioatr.
441 3650 487 3703 vit.
500 3652 618 3720 Apollon.
631 3655 711 3718 VIII,
725 3671 747 3720 7»
761 3657 793 3719 e;
805 3672 884 3728 aquo
897 3655 1023 3708 Leonidas
1033 3656 1131 3708 dicitur
1144 3664 1233 3726 κομᾶν
1245 3662 1314 3732 ὑπὲρ

227 3743 361 3810 ἀνδρελοι
378 3743 426 3793 καλ
441 3745 493 3794 τοῦ
509 3747 606 3807 ornabo
623 3745 673 3808 μὲν
686 3748 786 3815 φίλοις,
805 3751 925 3818 φοβερὸς
944 3746 977 3802 dl
995 3751 1111 3820 ἰχθροΐς
1125 3758 1287 3815 φαλνισθαι

261 3835 317 3901 (δι)
335 3834 475 3903 Στρόφιον
490 3840 610 3906 χρυσοῦν
625 3839 660 3890 ilii
673 3842 767 3895 tribuit
777 3842 952 3908 Phanoriuur3
967 3846 1077 3908 στέμμα
1092 3853 1214 3917 χρυσοῦν
1225 3849 1313 3920 appel-

227 3923 389 4012 latssuidau
406 3926 580 3982 Philostratus
598 3932 698 3983 verul
716 3933 732 3984 Ι.
747 3933 827 3987 dicit:
846 3934 936 4000 ’.Εμπ
955 3953 1054 4008 capnos
1050 3937 1091 3992 ’ων
1108 3943 1164 3995 τῶν
1181 3945 1313 4014 ἁλοιιργο·

228 4007 319 4071 τᾶτιιν
333 4021 401 4089 περὶ
417 4019 506 4090 αὐτὴν
522 4025 587 4093 (τὴν
605 4023 703 4092 κόμην)
720 4027 841 4096 ἁρμόσας
855 4031 948 4094 doddo
937 4034 1030 4102 ιπερὶ
1044 4036 1094 4094 τὰς
1108 4037 1164 4088 τῶν
1175 4035 1315 4106 Ελλήνων

228 4115 339 4179 ἆνιιᾶι,
358 4116 461 4179 ὕμνους
479 4119 656 4178 ξυντιθεὶς
640 4139 674 4176 ιιι
692 4123 760 4179 θεὸς
778 4125 805 4182 ἐξ
823 4123 974 4194 ἀνθρώπου
994 4125 1090 4180 ἔσοιτο
1109 4129 1216 4197 (corrig.
1234 4136 1313 4200 puto
