2776 4916
448 431 484 478 rs
508 431 760 480 nuanooonnrr.
1087 419 1144 482 181

71 604 197 675 τέτταρα
230 605 422 677 τυγχάνοντι,
456 607 527 679 πῦρ,
564 602 649 679 ὕδωρ,
682 603 750 679 bio,
782 603 829 680 pri.
857 602 892 664 lu
919 605 1025 665 rodem
1051 609 1108 682 γὶρ
1133 609 1150 676 ἦ

71 712 172 782 γένεσις
206 715 262 768 ests
294 711 448 784 γινομένων.
504 701 550 764 Ab
578 701 625 764 his
650 701 864 786 Empedoclem
890 713 1063 764 mutuatum
1088 725 1149 766 erse

73 807 224 869 arbitratur
259 807 416 883 Clemeus3
462 804 552 868 credo
590 807 712 890 potius,
748 805 804 868 boa
841 806 880 866 ab
913 805 980 869 illo.
1036 806 1148 870 Eodem

73 911 154 972 modo
190 911 344 972 Lucretius
376 909 532 972 interdum
565 911 681 973 audiero
713 921 802 972 vocat
835 931 936 973 rerum
966 912 1149 995 primordia,

72 1025 102 1074 ut
120 1017 149 1077 l..
172 1016 220 1092 ll,
245 1037 288 1076 rs.
312 1013 382 1078 102.

106 1122 153 1181 Vs.
173 1101 215 1181 56
236 1142 281 1205 sq.
324 1132 414 1197 Ζεὺς,
433 1122 525 1202 Ἥρη,
548 1119 703 1198 'absorde
724 1125 855 1198 Νῆστις.)
895 1123 933 1184 In
952 1121 998 1184 his
1016 1122 1149 1185 Deorum

72 1222 241 1284 nominibus
260 1225 491 1308 interpretandis
513 1224 643 1286 diversae
660 1229 726 1308 jam
747 1225 821 1286 olim
838 1225 962 1287 suerunt
976 1227 1150 1289 sententiae.

71 1329 152 1405 Quod
174 1340 249 1405 Ζεὺς
266 1331 385 1410 igneum
404 1332 555 1390 maesiam
576 1328 741 1410 significet,
762 1350 868 1392 omnes
888 1331 1090 1409 conveniunt,
1112 1329 1151 1392 de

73 1433 186 1517 reliquis
206 1454 272 1493 non
292 1434 383 1494 itemr
411 1433 451 1494 ab
472 1433 627 1516 aliir'npn
651 1443 716 1512 atr,
744 1435 888 1511 'Attene‘
907 1446 998 1511 terro,
1025 1433 1065 1495 ab
1086 1434 1153 1496 aliis

74 1549 170 1598 contra
196 1539 271 1618 Ἥρη
300 1549 392 1615 tmo,
421 1538 565 1615 Ἀϊδωνεὺς
588 1545 638 1600 aar
654 1538 844 1622 intelligitur.
886 1539 969 1600 Prior
989 1539 1152 1621 explicatio

74 1653 110 1701 est
128 1641 282 1704 Plutarchi
302 1642 340 1702 de
361 1641 442 1724 plac.
463 1642 539 1726 phil.
560 1643 584 1703 l.
604 1641 627 1703 l.
649 1641 741 1703 altera
763 1643 904 1720 Cornuti,
931 1643 1056 1719 Lae'rtii,
1083 1644 1152 1706 Sto·

73 1745 151 1824 baei,
181 1747 380 1830 reliquorum.
432 1747 527 1810 Etiam
558 1747 704 1808 seriorum
732 1747 840 1809 divisae
873 1757 944 1808 sunt
974 1747 1151 1828 opiniones,

72 1861 105 1909 ut
122 1851 196 1912 disci
217 1862 316 1935 potest
335 1873 352 1912 e
372 1851 509 1912 Fabricio
529 1851 569 1912 ad
589 1853 672 1914 Sext.
694 1853 806 1936 Empir.
829 1873 861 1935 p.
883 1850 999 1929 62011,
1019 1862 1050 1912 et
1069 1851 1153 1934 Scip-

75 1955 167 2038 aquil.
195 1955 236 2016 de
264 1956 343 2038 plac.
373 1953 482 2039 philos.
512 1958 543 2033 l,
573 1977 606 2038 p.
635 1955 694 2018 lta
722 1979 768 2042 sq.
807 1955 945 2037 Plerique
972 1975 1040 2016 eam
1060 1954 1155 2016 secuti

76 2071 137 2120 sunt
159 2061 439 2142 interpretationem
467 2060 517 2120 cui
544 2061 644 2144 major
670 2072 805 2122 veterum
828 2071 990 2121 auctorum
1009 2080 1155 2120 numerus

76 2163 194 2226 larebat.
236 2166 411 2248 Perperam:
442 2187 516 2226 nam
538 2164 610 2226 licet
630 2165 719 2227 multi
739 2176 873 2227 veterum
888 2163 994 2245 Ἥρω,
1020 2175 1055 2224 ut
1074 2165 1172 2240 lovis¹

78 2266 128 2328 sire
148 2269 226 2330 coeli
243 2271 422 2352 conjugem,
438 2280 543 2332 terram
558 2273 647 2351 (ἔριν)
664 2270 899 2354 appellaverint,
916 2269 954 2330 ab
970 2269 1035 2329 aliis
1050 2279 1155 2330 tamen
1217 2341 1222 2346 ¹

77 2370 122 2434 illa
148 2373 257 2435 diserte
285 2373 365 2436 dicta
394 2385 438 2436 est
463 2382 534 2452 otr,
559 2378 661 2452 Ἀιδης
687 2386 771 2436 rme.
814 2375 906 2436 Testis
926 2373 1044 2454 Cicero,
1065 2373 1101 2434 li.
1118 2374 1155 2435 l).

77 2476 111 2550 ll,
127 2478 165 2539 26
176 2499 189 2538 2·
207 2503 224 2538 11
235 2479 305 2540 ter
326 2490 441 2556 autem,
454 2491 489 2540 ut
502 2480 594 2542 Stoici
607 2479 780 2562 disputant,
794 2478 968 2562 interjectus
981 2478 1059 2538 inter
1072 2497 1155 2539 mare

79 2593 105 2641 et
122 2583 257 2661 eoelum,
284 2585 458 2645 lunonis
482 2585 608 2646 nomine
628 2590 835 2660 consecratum
857 2627 865 2644 .
888 2627 896 2644 .
919 2627 928 2643 .
951 2625 959 2643 .
984 2583 1155 2643 Terrena

78 2699 171 2748 autem
199 2688 244 2747 ris
265 2688 363 2748 omnis
383 2699 473 2770 atque
496 2698 605 2750 natura
630 2687 712 2749 Diti
739 2687 817 2768 patri
843 2683 979 2746 dedicata
998 2683 1073 2748 est.”
1112 2685 1155 2748 Cs.

79 2790 169 2875 intpp.
189 2793 224 2852 in
244 2790 275 2852 h.
296 2791 319 2851 l.
360 2793 490 2876 Utraque
516 2813 587 2874 ergo
607 2789 788 2873 significatio
811 2789 876 2872 pari
897 2790 1004 2850 nititur
1022 2791 1156 2852 auotori-

79 2903 142 2958 tate.
183 2898 327 2972 Ἀἲδωνεῦς
351 2917 421 2958 vero
442 2894 618 2980 Empedocli
637 2894 742 2955 nullus
762 2915 823 2955 esse
844 2893 920 2954 alius'
941 2904 1039 2975 potest
1061 2916 1154 2978 quam

80 3009 163 3078 terro,
191 3023 286 3086 quam
307 2999 499 3062 tenebrarum
518 2999 672 3082 regionem
692 2998 894 3060 etmalorum
913 3019 949 3059 ao
970 2998 1155 3060 miserimum

81 3101 195 3166 domum
216 3105 322 3188 fingit,
344 3115 378 3164 ut
393 3103 521 3164 vidimus
536 3124 578 3166 vs.
598 3102 657 3181 20,
677 3103 734 3181 23,
756 3103 793 3164 31
804 3125 813 3180 ;
835 3123 905 3185 ergo
919 3103 1039 3164 Joaont
1057 3103 1157 3165 solum

81 3210 148 3268 orris
166 3230 296 3293 regnum
313 3208 504 3293 relinquitur.
521 3240 562 3254 -·
578 3205 700 3284 Νῆπις,
721 3206 873 3288 Lympha,
895 3204 1023 3267 ductum
1045 3227 1063 3267 a
1084 3218 1154 3284 m,

79 3311 147 3389 rico,
165 3313 334 3376 secundom
351 3323 463 3374 veteres
482 3311 533 3396 (cs.
551 3312 630 3373 infra
652 3313 691 3374 ad
711 3331 753 3373 vs.
770 3309 862 3393 212),
885 3309 968 3371 unde
986 3311 1108 3372 sortasse
1125 3322 1158 3374 et

80 3429 188 3499 Nepete.
209 3441 282 3480 nam
298 3423 390 3499 νηρός,
412 3422 507 3497 sapie,
528 3417 641 3497 fluidus
662 3414 822 3501 significat.
855 3414 923 3475 lton
941 3435 1057 3476 novum
1075 3415 1156 3476 illud

80 3541 185 3584 nomen
214 3523 336 3586 finxisse
359 3522 477 3584 ridetur
493 3521 706 3605 Empedocles:
733 3541 806 3581 nam
826 3528 934 3596 Νῆπις
953 3519 1047 3580 sertor
1066 3519 1155 3581 luisse

80 3622 153 3688 Deae
169 3628 328 3712 cujusdam
346 3647 462 3688 nomen
482 3626 566 3709 apud
583 3626 717 3702 Siculos,
741 3637 812 3688 teste
832 3624 985 3688 Eustatbio
1003 3625 1037 3684 irr
1058 3623 1095 3686 ll.
1117 3652 1154 3701 e,

82 3749 110 3809 p.
124 3733 219 3810 1180,
240 3733 262 3795 l.
283 3733 337 3794 14:
359 3741 408 3800 eat
425 3744 561 3807 Σικελικὴ
582 3735 616 3798 31
636 3737 807 3813 11ς,Φισ1.
828 3738 885 3806 trie
899 3737 1008 3805 Nioru
1020 3734 1152 3814 truso.

83 3833 129 3894 sed
148 3836 395 3919 significationem
415 3858 472 3920 pro
492 3857 546 3898 suo
566 3835 689 3918 arbitrio
709 3835 846 3896 mutavit.

120 3939 157 4000 ln
183 3941 363 4025 usurpandis
391 3941 438 4003 his
464 3943 595 4004 Deorum
623 3939 797 4002 nominibus
823 3941 1013 4022 agnoscimus
1038 3961 1155 4004 morem

84 4042 272 4125 Orphioorum
292 4057 322 4108 et
341 4045 618 4131 Pythagoreorum,
646 4045 699 4128 qui
723 4045 857 4109 similiter
876 4045 1009 4107 Deorum
1028 4047 1153 4110 nomina
