2776 4916
440 381 477 428 m
501 379 752 428 omsooonsn.
1073 363 1137 426 249
1219 460 1222 472 ι

74 550 150 610 rerba
177 547 358 633 grandiora,
387 570 405 608 a
432 548 508 608 mari
534 558 564 608 et
589 544 731 608 fluctibus
760 543 914 623 desumto,
940 543 1048 604 similia
1069 557 1140 607 sunt

73 675 107 716 vs·
126 653 200 732 290,
223 660 318 735 βέυῦειι
337 662 463 735 metuet·
489 651 566 728 298,
588 656 703 732 olium
723 657 793 720 θῦιυ.
815 649 892 728 309,
909 655 1017 727 ὕδατος
1036 657 1139 732 βένθος.

74 761 137 856 315,
155 765 282 843 ιὶίμιιτιςι
295 772 462 843 πελάγεσσι.

109 868 151 926 Vs.
171 867 235 928 282
255 889 318 951 sqq.
361 873 450 948 ἔστι,
479 871 547 934 ὅταν
576 875 644 942 ταῖς
668 871 827 948 saeptione
853 869 938 940 κτλ.)
977 864 1140 947 Reciproca

73 971 135 1030 airis
152 983 182 1032 et
202 972 356 1055 sanguinis
375 972 468 1032 motio
484 971 651 1033 declaratur
665 970 859 1031 similitudine
875 969 1066 1052 clepsydrae,
1080 991 1141 1053 qua

73 1075 161 1155 puella
188 1075 277 1137 ludit.
321 1075 500 1160 clepsydrae
527 1077 689 1158 imaginem
719 1075 769 1136 alii
797 1095 918 1158 quoque
942 1085 1075 1136 veterum
1102 1074 1142 1134 ad

73 1201 110 1240 res
127 1180 276 1242 naturales
297 1181 492 1242 declarandas
514 1179 737 1256 adhibuerunt,
759 1190 793 1240 ut
806 1181 1008 1241 Anaximenes
1021 1191 1052 1241 et
1064 1180 1143 1240 Ana·

74 1306 205 1367 xagoras,
227 1285 310 1369 apud
330 1285 517 1350 Aristotelem
537 1285 628 1370 Phys.
650 1287 700 1362 IV,
723 1285 758 1364 6,
780 1307 811 1368 p.
834 1284 894 1346 285
909 1287 949 1364 D,
967 1295 996 1347 et
1011 1285 1048 1345 de
1062 1283 1143 1348 coel.

75 1390 110 1464 ll,
135 1391 189 1462 13,
220 1413 251 1472 p.
273 1389 332 1450 364
353 1392 386 1450 G.
428 1392 496 1474 Ejus
517 1390 616 1474 figura
637 1390 734 1474 qualis
753 1390 859 1469 fuerit,
887 1412 926 1451 ex
947 1389 992 1451 his
1011 1388 1143 1450 versibus

74 1497 130 1554 satis
155 1495 286 1578 perspici
313 1506 427 1578 potest:
454 1517 505 1556 vas
531 1517 672 1572 aeneum,
706 1495 786 1556 collo
815 1507 957 1578 augusto,
987 1493 1070 1578 quod
1097 1495 1145 1556 vel

51 1597 166 1660 claudi
194 1600 242 1661 vel
269 1600 389 1660 reserari
416 1612 528 1682 posset,
542 1585 654 1660 .sundo
681 1601 805 1680 latiore,
832 1600 935 1660 multis
963 1611 993 1662 et
1013 1599 1144 1682 parvulis

73 1701 260 1764 foraminibus
280 1703 437 1765 terebrato.
479 1706 556 1788 Ergo
576 1706 615 1781 si,
634 1704 737 1766 clauso
752 1703 888 1782 orificio,
904 1703 1064 1790 clepsydra
1079 1708 1143 1766 aiire
1164 1715 1167 1719 '

74 1808 178 1890 repleta
197 1809 230 1868 in
252 1831 362 1894 aquam
382 1818 543 1892 mergatur,
565 1830 644 1894 aqua
665 1831 718 1892 per
738 1808 828 1870 fundi
848 1809 995 1870 foramina
1015 1830 1079 1869 non
1100 1811 1145 1870 in·

74 1912 170 1990 trabit,
191 1935 291 1998 neque
309 1915 455 1990 vicissim,
476 1915 499 1974 si
520 1913 599 1998 aqud
617 1915 730 1997 repleta
751 1915 803 1992 sit,
823 1915 931 1976 influet
945 1917 1012 1995 a'e'r,
1031 1917 1145 2000 quippe

75 2038 159 2098 quum
190 2019 318 2080 alterum
349 2019 493 2080 excludat
522 2019 667 2098 alterum3
699 2031 804 2080 eontra
831 2041 917 2097 vero,
946 2022 989 2100 si,
1017 2034 1145 2084 reserato

75 2121 195 2201 orificio,
221 2123 416 2202 alterutrum,
438 2124 485 2184 vel
507 2145 585 2210 aqua
604 2123 652 2196 yel
673 2127 736 2202 aiir,
759 2126 930 2204 emittatur,
952 2128 1051 2188 statim
1072 2127 1147 2190 alte·

75 2245 134 2286 rum
160 2250 216 2310 per
239 2227 328 2288 fundi
352 2228 500 2290 foramina
524 2229 674 2290 succedet.
717 2229 893 2316 Clepsydras
913 2231 966 2293 has
987 2233 1077 2294 etiam
1097 2239 1147 2317 ty.

75 2361 167 2416 τσγιις
186 2334 235 2394 vel
255 2341 435 2417 ὓδριρηγις
449 2345 567 2397 vocatas
580 2355 641 2395 esse
655 2335 795 2396 discimus
809 2357 825 2397 e
838 2337 994 2421 Simplicio
1008 2340 1040 2399 in
1055 2339 1144 2424 Phys.

75 2436 94 2497 l.
112 2439 134 2498 l.
156 2440 176 2500 f.
200 2439 256 2500 151
279 2441 322 2516 B,
345 2443 432 2524 cujus
451 2439 541 2502 rerba
561 2438 607 2500 his
628 2440 719 2523 plane
740 2442 875 2524 apposita
893 2455 983 2519 sunta
1004 2457 1059 2524 eng
1079 2462 1148 2514 m.

77 2539 174 2632 ψύδριιξ
200 2551 420 2624 ἐπιδεικνύντες,
451 2555 588 2615 τουτέστι
613 2557 682 2623 τους
707 2553 857 2631 ἅρπαγας,
883 2555 952 2619 deas
975 2567 1027 2634 μὲν
1045 2559 1149 2636 ’ἑχιισιυ

77 2655 156 2732 dfert,
180 2666 220 2735 μῆ
247 2658 405 2735 δεχομένας
434 2657 519 2736 ὕδωρ,
545 2661 748 2738 ἐκμυζηθέυτις
774 2661 805 2724 δὲ
832 2663 921 2725 ιιιίτσῦ
950 2666 1015 2737 (τοῦ
1039 2667 1148 2745 Hm),

78 2763 165 2836 εὐ1ἐυς
185 2768 340 2843 ἁρπάζουσι
361 2773 395 2828 τὶ
416 2765 498 2843 idue,
523 2771 572 2828 sal
590 2767 620 2828 οὗ
641 2771 770 2846 τρότερυυ
790 2768 907 2844 deficior,
935 2777 997 2849 πρὶν
1019 2778 1068 2836 τὶν
1089 2777 1150 2838 ἐτι.

79 2875 273 2950 συμστίζσυτιι
299 2880 351 2942 τὴν
377 2874 446 2942 itio
473 2875 616 2937 ὃίιιτυλιυ
642 2873 755 2950 welefo
782 2899 843 2948 τις,
872 2878 1043 2957 edificium
1065 2882 1149 2947 diaes

77 2975 210 3055 ἂυίλιγιυ
230 2983 361 3044 εἰσελθεῖν
380 2981 452 3055 ἀέρι
470 2981 655 3058 συγχωρήσει.
699 2975 810 3039 Eadem
830 2979 919 3040 latius
933 2980 1007 3043 dicit
1018 2981 1055 3044 de
1070 2985 1148 3046 Coel.

9 3167 11 3176 .
77 3077 121 3153 11,
141 3080 162 3140 f.
178 3081 237 3142 127
256 3083 290 3158 B,
312 3081 381 3149 Ald.
399 3081 438 3141 ef.
455 3080 550 3143 schol.
563 3082 683 3142 Aristot.
697 3081 832 3144 Brandis.
846 3105 878 3167 p.
894 3085 971 3164 506,
988 3087 1019 3148 b.
1061 3090 1150 3152 Prae·

78 3191 151 3244 terea
177 3185 214 3246 de
235 3186 394 3269 clepsydra
415 3185 579 3246 laudantur
599 3209 617 3246 a
637 3187 750 3248 Sturzio
771 3189 848 3249 Hero
868 3189 954 3252 Alex.
992 3195 1148 3256 Pneumat.

79 3287 194 3352 invest.
212 3291 351 3381 llathem.
366 3310 440 3373 opp.
458 3291 520 3351 Par.
538 3289 617 3352 1693
634 3291 687 3352 fol.
701 3313 732 3374 p.
749 3292 825 3371 1455
848 3295 982 3364 Petreius
996 3299 1028 3359 in
1046 3301 1149 3383 Synes.

77 3391 159 3454 Bion.
170 3395 205 3480 p.
217 3396 268 3458 21.
311 3395 481 3457 Similitudo
496 3406 596 3456 autem
610 3395 708 3456 solnm
723 3398 818 3479 posita
831 3409 874 3460 est
886 3401 918 3460 in
932 3402 1051 3484 puellae
1062 3405 1150 3483 lusu,

78 3507 110 3556 ut
133 3500 192 3582 ipse
219 3502 351 3580 indicat,
380 3507 468 3584 ὅσπερ
496 3505 566 3569 deus
593 3511 662 3578 ταῖς
682 3509 842 3587 ιιλιψύέιῃς
861 3508 1010 3590 suffosus,
1038 3511 1097 3572 sive
1117 3512 1151 3572 in

77 3603 224 3686 reciproco
256 3607 328 3670 ueris
357 3617 387 3669 et
413 3629 509 3691 aquae
538 3605 641 3684 fluxu,
672 3610 725 3692 qui
756 3631 827 3670 cum
857 3613 1008 3696 reciprooai
1031 3618 1152 3700 sangui·

79 3707 122 3768 nis
143 3720 171 3770 et
189 3713 260 3773 aeris
281 3714 414 3774 motione
437 3724 637 3798 eomparatur.
680 3715 920 3780 Ostendunthoc
933 3739 989 3782 ves.
1004 3720 1151 3789 296-299.

118 3815 166 3874 Vs.
185 3814 256 3878 283.
298 3823 457 3901 κλεψυὸρμς
477 3826 555 3902 sut}
577 3823 714 3895 διιπετέος
734 3827 820 3899 κτλ.)
859 3823 897 3884 In
915 3835 1001 3886 textu
1017 3849 1073 3910 pro
1085 3843 1154 3898 κλι-

82 3924 181 4001 torm
206 3923 321 3985 incurial
351 3936 508 3987 exaratum
538 3937 582 3987 est
614 3931 772 4008 κλιψύδρμ,
799 3926 881 4010 quod
901 3928 996 3992 lector
1016 3937 1153 4020 corrigat.
1277 3963 1285 3970 ·

81 4023 188 4086 Priores
208 4039 306 4091 autem
328 4029 399 4094 edd.
419 4031 581 4114 vulgarunt
608 4033 665 4094 ita:
698 4037 867 4122 mffdws
888 4044 1026 4120 τιιίζιυσιι
1046 4042 1082 4108 δι’
1103 4047 1154 4108 eri-
