2800 4910
249 403 290 462 tt
423 457 427 462 .
647 413 694 458 nu
722 413 939 460 nursnoctss

247 583 374 671 rethe,
401 607 498 680 quae
523 580 621 654 idem
646 578 768 679 paullo
791 579 1172 676 interimaffort¹1⁴‚
1196 584 1321 682 Empe-

247 705 383 780 doclem
408 702 519 778 semel
540 705 579 775 in
603 701 887 800 Peloponnesum
914 702 1120 802 prefectum
1142 725 1322 806 nunquam
1376 731 1377 748 ³

248 827 394 902 rediisse
410 827 449 898 in
466 825 637 916 Siciliam,
660 849 828 925 namque
836 822 928 898 illud
946 824 1015 898 iter
1032 827 1196 901 excursio
1216 828 1323 927 potius

247 971 359 1052 quam
382 948 556 1022 discessus
580 973 602 1020 e
627 945 871 1046 Peloponneso
896 959 950 1022 est
977 945 1184 1024 dicendum.
1234 951 1324 1023 Fue-

249 1086 339 1148 runt
354 1091 441 1148 sero
461 1071 526 1171 qui
543 1069 740 1161 traderent,
754 1067 1008 1168 Empedoclem
1018 1069 1129 1146 domo
1139 1073 1325 1172 profugum

249 1197 437 1295 Syracu-s
456 1217 494 1266 se
514 1189 725 1284 contulisse,
742 1205 782 1265 et
800 1215 891 1266 enm
910 1189 1145 1294 Syracusanis
1168 1192 1326 1274 adversus
1378 1249 1379 1252 ,

250 1316 489 1394 Athenienses
509 1313 667 1390 bellasse.
699 1314 765 1389 Sed
784 1316 939 1390 narratio
956 1315 1045 1390 haec
1060 1331 1327 1418 temporumte-

250 1439 338 1512 tioni
356 1437 465 1538 plane
480 1452 675 1538 repugnat,
688 1451 725 1510 et
747 1435 878 1511 indicio
896 1451 964 1531 est,
982 1439 1034 1511 sic
1054 1453 1098 1513 nt
1118 1441 1226 1540 plura
1242 1461 1328 1540 quae

250 1562 296 1634 de
311 1559 511 1662 Pythagora
524 1574 565 1634 et
580 1557 808 1664 Pythagoreis
820 1559 1007 1654 feruntur,
1023 1576 1160 1661 quanta
1177 1565 1217 1636 in
1231 1560 1330 1636 rebus
1348 1652 1352 1658 Ι

251 1681 455 1757 Siculorum
480 1681 689 1755 enarrandis
707 1696 745 1755 et
766 1697 972 1781 temporum
993 1679 1120 1757 ordine
1138 1681 1331 1784 digerendis
1380 1715 1381 1722 ¹

246 1793 512 1878 ¹trostnnllorum
545 1802 792 1877 historicorum
811 1791 924 1878 fuerit
942 1804 1092 1880 inscitia.
1143 1807 1238 1880 Nam
1258 1802 1331 1877 bel·

253 1927 331 2000 lum
352 1925 588 2000 Athenienses
611 1930 707 2001 inter
727 1940 764 2000 et
785 1927 1021 2029 Syracusanos
1047 1930 1171 2028 erupit
1195 1928 1330 2031 Olymp.

254 2075 299 2149 9¹
330 2058 416 2144 ²¹⁵,
451 2073 525 2150 quo
557 2063 718 2149 tempore
739 2047 973 2148 Empedocles
994 2049 1124 2124 fuisset
1143 2051 1222 2126 fere
1243 2063 1333 2123 octo-

254 2173 436 2270 genarius:
459 2195 573 2272 quem
583 2173 709 2245 aetatis
724 2193 868 2245 annum
883 2172 1020 2245 etiamsi
1040 2171 1211 2272 attigisset
1231 2167 1335 2272 (quod
1381 2197 1383 2224 1

255 2317 329 2366 non
346 2294 449 2388 fecit3
467 2318 552 2366 nam
568 2293 774 2368 secundum
789 2292 1014 2368 Aristotelem
1031 2297 1214 2396 sexaginta
1230 2313 1337 2368 annos

257 2429 365 2488 natus
391 2415 570 2514 decessit),
589 2429 685 2489 certe
707 2415 808 2488 miles
833 2416 874 2487 in
900 2415 993 2489 hello
1015 2436 1155 2491 merere
1179 2439 1254 2492 non
1275 2433 1337 2514 po-

258 2537 393 2609 suisset.
427 2538 464 2609 Si
475 2538 666 2629 dixissent,
680 2535 936 2635 Empedoclem
954 2537 1069 2637 patriis
1086 2537 1245 2638 ejectum
1261 2559 1340 2632 cnm

258 2660 485 2760 Syracusanis
508 2660 679 2738 adversus
702 2659 1027 2757 Agrigentinos
1051 2656 1341 2754 bellasse‚habe-

260 2888 360 2937 γαντος
373 2859 557 2938 οἱκοξομὲνοο,
571 2871 619 2920 uisi
632 2869 681 2919 hoe
693 2869 720 2918 in
737 2868 953 2933 οταοιοζομένοο
967 2874 1013 2916 aut
1025 2866 1107 2918 simile
1120 2867 1233 2918 verbum
1245 2873 1343 2918 mutan·

259 2963 322 3013 dum
339 2953 387 3025 sit,
408 2957 474 3011 nihil
492 2958 564 3012 aliud
585 2957 729 3024 significare
746 2967 833 3026 potest
849 2973 929 3026 quam
949 2961 1047 3004 mutata
1060 2945 1294 3023 Apiipsntinornm
1308 2969 1343 3002 rs·

258 3053 377 3118 publico:
397 3066 458 3104 nam
476 3049 606 3104 desertam
626 3043 672 3102 aut
691 3047 805 3100 deleam
822 3043 891 3098 hue
911 3045 1043 3098 civitatem
1063 3044 1141 3098 trisse
1158 3055 1216 3097 uon
1235 3044 1346 3111 legimur.

293 3145 368 3220 lianc
386 3142 552 3213 anpedoolis
565 3139 737 3192 calamitatem
752 3144 872 3206 spectare
887 3135 992 3188 videear
1004 3135 1079 3186 Timo
1094 3135 1221 3188 Phliasius
1237 3136 1276 3188 his
1291 3148 1345 3186 rer·

260 3235 345 3290 siculis
366 3253 382 3286 a
402 3225 517 3296 Diogene
539 3231 639 3283 relatis:

689 3323 737 3370 sci
755 3317 956 3388 Ἐμπεδοκλῆς
972 3323 1109 3389 ἀγοραίων

402 3417 523 3486 κηλητὴς
539 3418 624 3466 ἐπέων
643 3431 651 3448 ·
670 3415 720 3465 ὅσα
739 3412 767 3466 δ’
787 3415 904 3482 ἔσθενε,
923 3415 1044 3466 rosceda
1064 3410 1157 3476 εἶλεν,

397 3513 490 3581 ἀρχῶν
505 3512 533 3568 ὃς
556 3507 667 3576 διέθηκ’
687 3511 774 3576 ἀρχὰς
792 3507 939 3566 ἐπιδευέας
955 3508 1054 3560 ἄλλων.

263 3609 345 3661 llicit:
366 3619 497 3678 quarrtnrn
514 3607 609 3670 valuit,
621 3614 723 3658 tuntum
735 3604 817 3674 cepit,
833 3603 851 3656 i.
867 3621 890 3655 e.
907 3604 1029 3656 meritum
1036 3603 1151 3672 adeptus
1164 3611 1203 3654 est
1221 3601 1348 3654 sactorum

263 3701 426 3766 praemium,
442 3699 488 3768 qui
507 3687 700 3749 multitudinem
718 3695 781 3747 lecit
799 3711 900 3763 regem,
920 3693 1002 3764 ipsam
1020 3711 1081 3760 rege
1096 3685 1266 3758 indigentem.

295 3790 367 3854 (aad)
385 3789 491 3856 Diogen.
514 3789 576 3842 ibid.
590 3806 608 3838 s
615 3807 623 3851 2
639 3804 685 3850 71:
708 3791 823 3853 ,Τίμαιος
844 3787 931 3855 ῥητῶς
950 3787 1050 3855 Myos,
1072 3785 1105 3846 ὡς
1120 3783 1292 3856 ἰξεχόρηοεν
1310 3781 1349 3833 tls

264 3881 489 3949 Πελοπόννησον,
510 3883 558 3932 καὶ
577 3884 610 3933 τὸ
628 3880 743 3935 σύνολον
761 3882 810 3935 odit
827 3883 995 3952 ἐπανῆλθεν.
1075 3888 1077 3892 ’

296 3979 321 4038 (1
331 3974 373 4040 rh)
391 3967 449 4023 vu?
459 3973 589 4024 Diodorus
601 3975 653 4025 Sic.
666 3976 733 4039 ΧΠ,
748 3976 792 4028 83.
812 3976 905 4044 Neque
916 3975 994 4040 magis
1005 3973 1127 4040 congruit
1138 3971 1211 4040 prior
1222 3967 1267 4018 illa
1279 3960 1350 4016 Atho·

262 4064 397 4118 meudun
413 4064 438 4115 in
458 4063 570 4116 stetim
590 4063 742 4135 aspredine,¹
755 4064 782 4116 in
799 4063 870 4118 hello
889 4063 958 4116 ister
977 4064 1150 4131 Syracusanos
1161 4054 1351 4112 ettsmums.

262 4157 333 4226 <pree
349 4151 426 4208 sacta.
437 4162 475 4206 cst
492 4157 580 4222 paneis
594 4162 658 4216 ante
671 4155 757 4217 ·assis,
773 4153 875 4223 olymp.
886 4155 976 4218 dha.
1010 4150 1128 4218 Thucyd.
1146 4143 1200 4213 111,
1212 4147 1257 4210 dii,
1337 4164 1342 4186 ³
