2768 4916
249 359 292 420 50
648 369 695 414 nn
718 367 934 416 nurnnocnrs

250 579 267 592 -
291 535 378 615 scih
399 539 457 614 roal
476 532 643 638 Πλάτων,
668 573 686 584 -
709 537 771 612 τῶν
791 533 897 632 λύγων
916 529 1057 621 ἐκωλύθη
1078 534 1250 632 μετέχειν·
1271 559 1324 626 μεΗ

250 657 390 758 ursicius
412 657 451 738 dh
475 659 533 737 sci
556 658 653 734 sarto
675 655 872 764 Πυθαγόρου
895 657 1052 756 λέγοντα·

343 779 408 860 Ἦν
432 779 471 860 δέ
495 812 546 864 τις
568 779 601 858 ἓν
624 781 770 868 κείνοισιν
795 777 870 877 ἀνὴρ
895 776 1052 879 περιώσια
1076 777 1186 872 εἰδώς,

347 909 383 990 ὃς
404 903 443 997 di
460 901 621 1003 μήκιστον
641 901 809 1004 πραπίδων
829 899 996 994 ἐκτήσατο
1017 911 1161 979 πλοῦτον
1178 913 1259 975 ¹⁴0.

248 1027 358 1124 Quod
379 1026 424 1102 ad
444 1027 509 1104 hos
530 1054 654 1105 versus
674 1027 819 1120 attinet,
834 1051 893 1103 eos
914 1025 959 1100 ad
976 1025 1214 1128 Pythagoram
1232 1049 1326 1124 spec-

246 1166 336 1244 tasse
348 1176 422 1224 non
437 1151 633 1246 manifesto
649 1163 816 1249 apparet,
829 1148 889 1222 alii
904 1163 1090 1240 veterum,
1103 1162 1148 1222 ut
1157 1150 1328 1246 Diogenes

243 1271 354 1363 addit,
378 1270 628 1367 Parmenidem
645 1265 838 1371 significari
851 1269 1062 1365 voluerunt3
1080 1269 1163 1344 licet
1179 1295 1268 1346 vero
1284 1266 1322 1339 ad

241 1393 476 1495 Pythagoram
503 1407 681 1493 spectent,
713 1390 798 1466 inde
820 1381 949 1472 ¹tztntcn
980 1390 1072 1466 ellici
1089 1403 1173 1466 'non
1196 1401 1323 1489 potest,

242 1514 494 1616 Empedoclem
516 1517 636 1615 ipsum
660 1515 767 1591 illum
788 1512 928 1591 vidisse.
977 1513 1032 1588 Ut
1050 1540 1137 1592 vero
1157 1513 1323 1586 Timaeus

237 1663 329 1740 eum
347 1636 566 1738 Pythagorae
585 1637 789 1712 auditorem
809 1633 974 1729 haberet,
994 1662 1038 1711 eo
1052 1637 1190 1710 factum
1208 1631 1323 1720 credo,

242 1785 316 1834 non
338 1758 436 1859 quod
455 1756 678 1858 Empedoclis
700 1771 860 1856 tempora
883 1781 958 1829 non
981 1770 1119 1851 nosset,
1142 1755 1206 1832 sed
1228 1757 1323 1856 quod

238 1879 475 1982 Pythagoram
516 1881 684 1954 seriorem
728 1878 863 1952 faceret
903 1905 1017 1980 quam
1059 1904 1187 1958 revera
1236 1879 1321 1968 fuit,

211 1999 400 2108 ¹similiter
438 1998 533 2076 idem
576 2000 761 2076 historicus
803 2001 963 2098 peccavit
999 2001 1038 2074 in
1076 2000 1321 2101 Xenophane,

237 2123 304 2224 qui
335 2120 554 2223 Pythagorae
586 2122 770 2222 proximus
809 2122 896 2214 fuit,
928 2147 1040 2223 quem
1070 2122 1130 2196 ille
1162 2119 1322 2196 Hieronis

146 2243 148 2258 '
237 2242 449 2345 Syracusani
479 2258 640 2343 tempore
672 2243 799 2318 vixisse
821 2245 979 2344 scripsit,
1009 2246 1074 2318 etsi
1100 2243 1217 2318 multo
1244 2254 1321 2314 ante

236 2359 414 2452 floruisset
439 2376 519 2440 ¹4¹.
570 2364 671 2440 Nihil
698 2377 821 2438 autem
850 2365 1098 2465 pervulgatius
1121 2387 1235 2468 quam
1261 2366 1320 2436 iste
1370 2413 1371 2422 .

237 2511 357 2577 error,
389 2512 463 2587 quo
494 2488 631 2562 factum
665 2502 708 2560 ut
740 2485 963 2588 Pythagorae
995 2502 1149 2564 aetatem
1169 2516 1236 2587 per
1258 2487 1319 2560 tria

240 2607 318 2681 fere
351 2607 541 2682 hominurn
580 2607 699 2682 secula
739 2608 981 2683 extenderint.
1032 2613 1066 2684 E
1099 2609 1323 2713 Pythagoreis

115 2815 124 2832 ⁹
240 2729 446 2827 Empedocli
473 2729 631 2831 aequalis
657 2729 735 2804 lere
755 2728 827 2804 suit
849 2729 1047 2824 Philolaus3
1073 2731 1182 2808 etiam
1210 2732 1321 2816 hunc,

166 2889 168 2894 ·
241 2861 283 2923 ut
304 2864 341 2923 et
359 2851 522 2953 Lysidem
543 2865 580 2927 et
601 2850 812 2953 Archytam,
830 2851 925 2926 inter
945 2853 1165 2954 Pythagorae
1182 2850 1321 2930 asseclas

239 2988 492 3049 numerarunt.

271 3161 349 3229 (140)
364 3163 471 3232 Diogen.
487 3165 573 3220 Laert.
586 3167 668 3224 vul,
690 3165 730 3226 54.
759 3165 844 3217 Locus
856 3175 1014 3218 memoratus
1028 3168 1055 3218 in
1068 3167 1166 3220 Timaei
1179 3169 1270 3236 fragm.
1283 3162 1319 3217 ed-

239 3252 348 3306 Goeller.
365 3271 391 3323 p.
410 3270 465 3320 2¹7·
494 3256 579 3308 Verba
595 3266 684 3310 autem
704 3259 782 3312 καθὰ
797 3258 977 3310 ceillierus
994 3259 1066 3314 haud
1083 3258 1162 3313 dubie
1179 3279 1195 3312 a
1210 3260 1319 3325 Diogene

239 3341 337 3394 inserta
346 3351 418 3408 sunt,
427 3345 645 3416 quemadmodum
654 3348 743 3416 paullo
753 3357 813 3418 post
822 3349 919 3411 ,relato
928 3351 1055 3403 Neanthis
1068 3350 1230 3414 testimonio,
1240 3346 1318 3401 addit:

239 3437 272 3486 τὸ
288 3434 320 3488 δὲ
337 3435 406 3489 αὐτὸ
419 3440 466 3491 καὶ
480 3437 619 3493 Πλάτωνα
631 3443 698 3502 φασὶ
712 3443 837 3506 παθεῖν,
852 3445 901 3494 καὶ
912 3445 964 3512 γὰρ
979 3445 1026 3495 καὶ
1040 3449 1141 3494 τοῦτον
1155 3443 1316 3509 κωλυθῆναι·

238 3525 334 3578 Versus
353 3527 410 3581 illos
426 3529 460 3582 ad
475 3529 648 3598 Pythagoram
666 3531 786 3584 referunt
802 3550 907 3604 quoquc
925 3535 1086 3604 Porphyrius
1099 3535 1149 3587 Vit.
1171 3535 1243 3602 Pyth.
1257 3530 1316 3596 §3⁰·

238 3614 398 3670 Jamhlichns
416 3620 478 3675 ibid.
491 3625 505 3688 §
517 3621 558 3686 67.
1212 3618 1214 3624 ’

269 3704 387 3776 Reliqui,
404 3709 450 3780 qui
468 3711 564 3765 Timaei
583 3713 698 3782 opinioni
709 3713 915 3784 adstipulantur,
931 3735 1025 3788 parurn
1037 3717 1139 3771 addunt
1150 3711 1314 3773 auctoritatis·

236 3793 364 3862 Diogenes
377 3797 463 3852 Latro.
472 3801 551 3864 VIII,
563 3801 779 3862 tradicionem
791 3828 887 3868 τινας
899 3810 1075 3882 Πυθαγόραν
1085 3813 1239 3881 διήκουσεν.
1251 3806 1315 3856 inter

235 3883 282 3935 hos
305 3885 385 3938 etiarn
407 3896 469 3951 siut
490 3891 605 3945 Eudocia
627 3893 693 3948 Viol.
715 3915 741 3968 p,
766 3899 1074 3970 169;Tzetmchssi2d,
1094 3905 1133 3970 11,
1154 3919 1217 3971 9⁰23
1235 3889 1313 3954 schol

236 3975 357 4044 lisrmog.
367 3992 393 4046 p.
408 3975 470 4041 383,
485 3980 606 4049 Origenes
616 3983 765 4058 Philosoph.
777 4007 799 4044 c.
814 3991 843 4056 3;
855 4009 870 4043 a
883 3993 970 4044 Stura.
981 3993 1039 4046 citt.

269 4066 342 4136 (ihr)
360 4066 442 4134 Tetigi
454 4067 481 4122 in
494 4071 662 4142 Xenophanis
675 4077 780 4148 Coloph.
792 4081 847 4134 rell.
862 4099 887 4149 p.
902 4098 973 4146 2-7.
