<?xml version="1.0" encoding="UTF-8"?>
<!DOCTYPE html PUBLIC "-//W3C//DTD XHTML 1.0 Transitional//EN"
    "http://www.w3.org/TR/xhtml1/DTD/xhtml1-transitional.dtd">
<html xmlns="http://www.w3.org/1999/xhtml" xml:lang="en" lang="en">
 <head>
  <title>
</title>
<meta http-equiv="Content-Type" content="text/html;charset=utf-8" />
  <meta name='ocr-system' content='tesseract 3.04.00' />
  <meta name='ocr-capabilities' content='ocr_page ocr_carea ocr_par ocr_line ocrx_word'/>
</head>
<body>
  <div class='ocr_page' id='page_1' title='image "./philosophorumgr00karsgoog_0196.png"; bbox 0 0 2776 4916; ppageno 0'>
   <div class='ocr_carea' id='block_1_1' title="bbox 431 393 1135 466">
    <p class='ocr_par' dir='ltr' id='par_1_1' title="bbox 431 393 1135 466">
     <span class='ocr_line' id='line_1_1' title="bbox 431 393 1135 466; baseline 0 0"><span class='ocrx_word' id='word_1_1' title='bbox 431 417 469 466; x_wconf 74' lang='lat' dir='ltr'><strong>nr</strong></span> <span class='ocrx_word' id='word_1_2' title='bbox 492 393 797 465; x_wconf 79' lang='lat' dir='ltr'><strong>euesnocunu.&#39;</strong></span> <span class='ocrx_word' id='word_1_3' title='bbox 924 401 927 408; x_wconf 89' lang='lat'>&#39;</span> <span class='ocrx_word' id='word_1_4' title='bbox 1068 405 1135 466; x_wconf 51' lang='lat'><strong>185&#39;</strong></span> 
     </span>
    </p>
   </div>
   <div class='ocr_carea' id='block_1_2' title="bbox 64 581 1134 678">
    <p class='ocr_par' dir='ltr' id='par_1_2' title="bbox 64 581 1134 678">
     <span class='ocr_line' id='line_1_2' title="bbox 64 581 1134 678; baseline -0.008 -24"><span class='ocrx_word' id='word_1_5' title='bbox 64 613 130 678; x_wconf 83' lang='lat' dir='ltr'><strong>quae</strong></span> <span class='ocrx_word' id='word_1_6' title='bbox 146 589 264 651; x_wconf 89' lang='lat' dir='ltr'><strong>dudum</strong></span> <span class='ocrx_word' id='word_1_7' title='bbox 284 583 469 668; x_wconf 75' lang='lat' dir='ltr'><strong>comparavit</strong></span> <span class='ocrx_word' id='word_1_8' title='bbox 488 582 626 644; x_wconf 68' lang='lat' dir='ltr'><strong>causer.</strong></span> <span class='ocrx_word' id='word_1_9' title='bbox 642 583 674 642; x_wconf 87' lang='lat' dir='ltr'><strong>iu</strong></span> <span class='ocrx_word' id='word_1_10' title='bbox 694 581 839 644; x_wconf 75' lang='lat' dir='ltr'><strong>Antonin.</strong></span> <span class='ocrx_word' id='word_1_11' title='bbox 855 581 877 642; x_wconf 90' lang='lat'><strong>1.</strong></span> <span class='ocrx_word' id='word_1_12' title='bbox 896 581 920 643; x_wconf 88' lang='grc'><strong>1.</strong></span> <span class='ocrx_word' id='word_1_13' title='bbox 936 593 967 646; x_wconf 87' lang='lat' dir='ltr'><strong>et</strong></span> <span class='ocrx_word' id='word_1_14' title='bbox 982 584 1134 651; x_wconf 82' lang='lat' dir='ltr'><strong>lleindors.</strong></span> 
     </span>
    </p>
   </div>
   <div class='ocr_carea' id='block_1_3' title="bbox 64 693 1135 980">
    <p class='ocr_par' dir='ltr' id='par_1_3' title="bbox 64 693 1135 980">
     <span class='ocr_line' id='line_1_3' title="bbox 66 693 294 756; baseline -0.022 0"><span class='ocrx_word' id='word_1_15' title='bbox 66 700 72 714; x_wconf 88' lang='lat'>&#39;</span> <span class='ocrx_word' id='word_1_16' title='bbox 151 707 208 756; x_wconf 85' lang='lat' dir='ltr'><strong>rat.</strong></span> <span class='ocrx_word' id='word_1_17' title='bbox 229 693 250 756; x_wconf 91' lang='lat' dir='ltr'><strong>l.</strong></span> <span class='ocrx_word' id='word_1_18' title='bbox 272 694 294 753; x_wconf 94' lang='lat' dir='ltr'><strong>l.</strong></span> 
     </span>
     <span class='ocr_line' id='line_1_4' title="bbox 64 697 1135 881; baseline -0.002 -21"><span class='ocrx_word' id='word_1_19' title='bbox 64 697 193 860; x_wconf 58' lang='lat' dir='ltr'><strong>miiitil</strong></span> <span class='ocrx_word' id='word_1_20' title='bbox 212 821 257 881; x_wconf 85' lang='lat' dir='ltr'><strong>sq·</strong></span> <span class='ocrx_word' id='word_1_21' title='bbox 298 797 372 864; x_wconf 68' lang='grc' dir='ltr'><strong>ἀλλ’</strong></span> <span class='ocrx_word' id='word_1_22' title='bbox 387 799 437 876; x_wconf 73' lang='grc' dir='ltr'><strong>ἴγε</strong></span> <span class='ocrx_word' id='word_1_23' title='bbox 450 799 584 862; x_wconf 65' lang='lat' dir='ltr'><strong>suestra</strong></span> <span class='ocrx_word' id='word_1_24' title='bbox 597 799 683 869; x_wconf 74' lang='grc' dir='ltr'><strong>κτλ.)</strong></span> <span class='ocrx_word' id='word_1_25' title='bbox 702 789 799 852; x_wconf 70' lang='lat' dir='ltr'><strong>Ambo</strong></span> <span class='ocrx_word' id='word_1_26' title='bbox 813 791 845 852; x_wconf 80' lang='lat' dir='ltr'><strong>lli</strong></span> <span class='ocrx_word' id='word_1_27' title='bbox 859 815 970 871; x_wconf 72' lang='lat' dir='ltr'><strong>veram,</strong></span> <span class='ocrx_word' id='word_1_28' title='bbox 985 797 1135 879; x_wconf 82' lang='lat' dir='ltr'><strong>adscripto</strong></span> 
     </span>
     <span class='ocr_line' id='line_1_5' title="bbox 65 895 1134 980; baseline -0.005 -14"><span class='ocrx_word' id='word_1_29' title='bbox 65 901 312 966; x_wconf 85' lang='lat' dir='ltr'><strong>Parmenidis</strong></span> <span class='ocrx_word' id='word_1_30' title='bbox 343 899 481 974; x_wconf 86' lang='lat' dir='ltr'><strong>nomine,</strong></span> <span class='ocrx_word' id='word_1_31' title='bbox 500 897 645 978; x_wconf 84' lang='lat' dir='ltr'><strong>leguntur</strong></span> <span class='ocrx_word' id='word_1_32' title='bbox 666 897 747 979; x_wconf 83' lang='lat' dir='ltr'><strong>apud</strong></span> <span class='ocrx_word' id='word_1_33' title='bbox 770 895 930 958; x_wconf 80' lang='lat' dir='ltr'><strong>stobaeum</strong></span> <span class='ocrx_word' id='word_1_34' title='bbox 953 899 1014 960; x_wconf 76' lang='lat' dir='ltr'><strong>sel.</strong></span> <span class='ocrx_word' id='word_1_35' title='bbox 1034 901 1064 975; x_wconf 89' lang='grc' dir='ltr'><strong>Ι,</strong></span> <span class='ocrx_word' id='word_1_36' title='bbox 1085 901 1134 980; x_wconf 88' lang='grc'><strong>16,</strong></span> 
     </span>
    </p>
   </div>
   <div class='ocr_carea' id='block_1_4' title="bbox 64 1002 1162 2359">
    <p class='ocr_par' dir='ltr' id='par_1_4' title="bbox 64 1002 1162 2359">
     <span class='ocr_line' id='line_1_6' title="bbox 65 1002 1136 1093; baseline -0.002 -24"><span class='ocrx_word' id='word_1_37' title='bbox 65 1033 91 1093; x_wconf 90' lang='lat' dir='ltr'><strong>p.</strong></span> <span class='ocrx_word' id='word_1_38' title='bbox 109 1008 184 1086; x_wconf 75' lang='lat'><strong>3543</strong></span> <span class='ocrx_word' id='word_1_39' title='bbox 216 1004 289 1066; x_wconf 89' lang='lat' dir='ltr'><strong>huic</strong></span> <span class='ocrx_word' id='word_1_40' title='bbox 308 1003 459 1066; x_wconf 83' lang='lat' dir='ltr'><strong>vindicare</strong></span> <span class='ocrx_word' id='word_1_41' title='bbox 480 1014 597 1086; x_wconf 85' lang='lat' dir='ltr'><strong>praeter</strong></span> <span class='ocrx_word' id='word_1_42' title='bbox 620 1003 693 1064; x_wconf 84' lang='lat' dir='ltr'><strong>alios</strong></span> <span class='ocrx_word' id='word_1_43' title='bbox 714 1003 829 1064; x_wconf 77' lang='lat' dir='ltr'>studuit</span> <span class='ocrx_word' id='word_1_44' title='bbox 848 1002 972 1066; x_wconf 85' lang='lat' dir='ltr'><strong>Brundis</strong></span> <span class='ocrx_word' id='word_1_45' title='bbox 996 1006 1029 1066; x_wconf 91' lang='lat' dir='ltr'><strong>in</strong></span> <span class='ocrx_word' id='word_1_46' title='bbox 1049 1005 1136 1067; x_wconf 85' lang='lat' dir='ltr'><strong>Com·</strong></span> 
     </span>
     <span class='ocr_line' id='line_1_7' title="bbox 66 1104 1137 1192; baseline -0.007 -17"><span class='ocrx_word' id='word_1_47' title='bbox 66 1124 147 1174; x_wconf 88' lang='lat' dir='ltr'><strong>ment.</strong></span> <span class='ocrx_word' id='word_1_48' title='bbox 171 1111 264 1172; x_wconf 78' lang='lat' dir='ltr'><strong>Eleat.</strong></span> <span class='ocrx_word' id='word_1_49' title='bbox 287 1131 321 1192; x_wconf 83' lang='lat' dir='ltr'><strong>p.</strong></span> <span class='ocrx_word' id='word_1_50' title='bbox 337 1109 412 1186; x_wconf 79' lang='lat'><strong>1323</strong></span> <span class='ocrx_word' id='word_1_51' title='bbox 435 1129 491 1168; x_wconf 88' lang='lat' dir='ltr'><strong>nos</strong></span> <span class='ocrx_word' id='word_1_52' title='bbox 514 1107 542 1168; x_wconf 94' lang='lat' dir='ltr'><strong>ei</strong></span> <span class='ocrx_word' id='word_1_53' title='bbox 567 1104 815 1190; x_wconf 85' lang='lat' dir='ltr'><strong>abjudicavimus.</strong></span> <span class='ocrx_word' id='word_1_54' title='bbox 856 1107 932 1168; x_wconf 80' lang='lat' dir='ltr'><strong>llum</strong></span> <span class='ocrx_word' id='word_1_55' title='bbox 954 1131 1049 1192; x_wconf 88' lang='lat' dir='ltr'><strong>quum</strong></span> <span class='ocrx_word' id='word_1_56' title='bbox 1068 1131 1137 1192; x_wconf 78' lang='lat' dir='ltr'><strong>pos-</strong></span> 
     </span>
     <span class='ocr_line' id='line_1_8' title="bbox 65 1211 1162 1294; baseline -0.003 -14"><span class='ocrx_word' id='word_1_57' title='bbox 65 1220 143 1280; x_wconf 87' lang='lat' dir='ltr'><strong>terior</strong></span> <span class='ocrx_word' id='word_1_58' title='bbox 162 1237 262 1278; x_wconf 83' lang='lat' dir='ltr'><strong>versus</strong></span> <span class='ocrx_word' id='word_1_59' title='bbox 282 1237 345 1275; x_wconf 90' lang='lat' dir='ltr'><strong>uno</strong></span> <span class='ocrx_word' id='word_1_60' title='bbox 366 1223 500 1274; x_wconf 81' lang='lat' dir='ltr'><strong>veterum</strong></span> <span class='ocrx_word' id='word_1_61' title='bbox 521 1231 672 1272; x_wconf 88' lang='lat' dir='ltr'><strong>consensu</strong></span> <span class='ocrx_word' id='word_1_62' title='bbox 692 1211 866 1294; x_wconf 84' lang='lat' dir='ltr'>Empedocli</span> <span class='ocrx_word' id='word_1_63' title='bbox 887 1213 923 1273; x_wconf 86' lang='lat' dir='ltr'><strong>sit</strong></span> <span class='ocrx_word' id='word_1_64' title='bbox 942 1213 1087 1292; x_wconf 85' lang='lat' dir='ltr'><strong>tributus,</strong></span> <span class='ocrx_word' id='word_1_65' title='bbox 1106 1226 1137 1277; x_wconf 90' lang='lat' dir='ltr'><strong>et</strong></span> <span class='ocrx_word' id='word_1_66' title='bbox 1157 1246 1162 1256; x_wconf 81' lang='lat'>·</span> 
     </span>
     <span class='ocr_line' id='line_1_9' title="bbox 66 1316 1137 1407; baseline -0.014 -25"><span class='ocrx_word' id='word_1_67' title='bbox 66 1345 150 1407; x_wconf 90' lang='lat' dir='ltr'><strong>quum</strong></span> <span class='ocrx_word' id='word_1_68' title='bbox 173 1323 275 1404; x_wconf 89' lang='lat' dir='ltr'><strong>ipsum</strong></span> <span class='ocrx_word' id='word_1_69' title='bbox 296 1318 480 1380; x_wconf 83' lang='lat' dir='ltr'><strong>vocobulum</strong></span> <span class='ocrx_word' id='word_1_70' title='bbox 501 1321 620 1398; x_wconf 67' lang='grc' dir='ltr'><strong>κῴκίρσς</strong></span> <span class='ocrx_word' id='word_1_71' title='bbox 645 1316 717 1377; x_wconf 87' lang='lat' dir='ltr'><strong>boio</strong></span> <span class='ocrx_word' id='word_1_72' title='bbox 738 1317 793 1376; x_wconf 92' lang='lat' dir='ltr'><strong>uni</strong></span> <span class='ocrx_word' id='word_1_73' title='bbox 817 1319 973 1399; x_wconf 87' lang='lat' dir='ltr'><strong>proprium</strong></span> <span class='ocrx_word' id='word_1_74' title='bbox 997 1316 1137 1402; x_wconf 74' lang='lat' dir='ltr'><strong>adsigna.</strong></span> 
     </span>
     <span class='ocr_line' id='line_1_10' title="bbox 66 1419 1137 1502; baseline -0.004 -14"><span class='ocrx_word' id='word_1_75' title='bbox 66 1439 121 1488; x_wconf 87' lang='lat' dir='ltr'><strong>tum</strong></span> <span class='ocrx_word' id='word_1_76' title='bbox 146 1428 198 1502; x_wconf 88' lang='lat' dir='ltr'><strong>sit,</strong></span> <span class='ocrx_word' id='word_1_77' title='bbox 230 1435 335 1485; x_wconf 83' lang='lat' dir='ltr'><strong>contra</strong></span> <span class='ocrx_word' id='word_1_78' title='bbox 360 1423 435 1484; x_wconf 85' lang='lat' dir='ltr'><strong>haec</strong></span> <span class='ocrx_word' id='word_1_79' title='bbox 464 1421 542 1482; x_wconf 86' lang='lat' dir='ltr'><strong>nihil</strong></span> <span class='ocrx_word' id='word_1_80' title='bbox 563 1441 634 1482; x_wconf 87' lang='lat' dir='ltr'><strong>sanc</strong></span> <span class='ocrx_word' id='word_1_81' title='bbox 654 1419 732 1482; x_wconf 83' lang='lat' dir='ltr'><strong>valet</strong></span> <span class='ocrx_word' id='word_1_82' title='bbox 750 1419 868 1480; x_wconf 87' lang='lat' dir='ltr'><strong>Stobaei</strong></span> <span class='ocrx_word' id='word_1_83' title='bbox 889 1423 1057 1484; x_wconf 83' lang='lat' dir='ltr'><strong>auctoritas.</strong></span> <span class='ocrx_word' id='word_1_84' title='bbox 1098 1423 1137 1486; x_wconf 78' lang='lat' dir='ltr'><strong>At</strong></span> 
     </span>
     <span class='ocr_line' id='line_1_11' title="bbox 66 1524 1137 1610; baseline -0.006 -16"><span class='ocrx_word' id='word_1_85' title='bbox 66 1531 183 1594; x_wconf 85' lang='lat' dir='ltr'><strong>Stobaeo</strong></span> <span class='ocrx_word' id='word_1_86' title='bbox 203 1528 358 1610; x_wconf 77' lang='lat' dir='ltr'><strong>suffragari</strong></span> <span class='ocrx_word' id='word_1_87' title='bbox 378 1527 452 1588; x_wconf 85' lang='lat' dir='ltr'><strong>dicit</strong></span> <span class='ocrx_word' id='word_1_88' title='bbox 472 1525 596 1588; x_wconf 73' lang='lat' dir='ltr'><strong>beandis</strong></span> <span class='ocrx_word' id='word_1_89' title='bbox 613 1524 709 1587; x_wconf 85' lang='lat' dir='ltr'><strong>Procli</strong></span> <span class='ocrx_word' id='word_1_90' title='bbox 729 1524 832 1585; x_wconf 90' lang='lat' dir='ltr'><strong>locum</strong></span> <span class='ocrx_word' id='word_1_91' title='bbox 854 1524 1020 1587; x_wconf 86' lang='lat' dir='ltr'><strong>Comment.</strong></span> <span class='ocrx_word' id='word_1_92' title='bbox 1037 1527 1069 1586; x_wconf 91' lang='lat' dir='ltr'><strong>in</strong></span> <span class='ocrx_word' id='word_1_93' title='bbox 1089 1529 1137 1590; x_wconf 82' lang='lat' dir='ltr'><strong>&#39;ti-</strong></span> 
     </span>
     <span class='ocr_line' id='line_1_12' title="bbox 66 1627 1140 1716; baseline -0.009 -19"><span class='ocrx_word' id='word_1_94' title='bbox 66 1657 176 1697; x_wconf 87' lang='lat' dir='ltr'><strong>maeum</strong></span> <span class='ocrx_word' id='word_1_95' title='bbox 192 1657 226 1716; x_wconf 85' lang='lat' dir='ltr'><strong>p.</strong></span> <span class='ocrx_word' id='word_1_96' title='bbox 244 1632 303 1694; x_wconf 88' lang='grc'><strong>160</strong></span> <span class='ocrx_word' id='word_1_97' title='bbox 321 1633 385 1692; x_wconf 76' lang='lat' dir='ltr'><strong>llas.</strong></span> <span class='ocrx_word' id='word_1_98' title='bbox 403 1653 419 1690; x_wconf 89' lang='lat' dir='ltr'><strong>a</strong></span> <span class='ocrx_word' id='word_1_99' title='bbox 434 1651 496 1714; x_wconf 88' lang='lat' dir='ltr'><strong>quo</strong></span> <span class='ocrx_word' id='word_1_100' title='bbox 510 1630 671 1713; x_wconf 69' lang='lat' dir='ltr'><strong>posteriora</strong></span> <span class='ocrx_word' id='word_1_101' title='bbox 685 1627 794 1688; x_wconf 82' lang='lat' dir='ltr'>haecce</span> <span class='ocrx_word' id='word_1_102' title='bbox 805 1628 907 1705; x_wconf 87' lang='lat' dir='ltr'><strong>verba,</strong></span> <span class='ocrx_word' id='word_1_103' title='bbox 921 1634 999 1711; x_wconf 54' lang='grc' dir='ltr'><strong>μηνί,</strong></span> <span class='ocrx_word' id='word_1_104' title='bbox 1011 1641 1140 1716; x_wconf 57' lang='lat' dir='ltr'><strong>„myst</strong></span> 
     </span>
     <span class='ocr_line' id='line_1_13' title="bbox 67 1733 1137 1826; baseline 0 -21"><span class='ocrx_word' id='word_1_105' title='bbox 67 1754 174 1826; x_wconf 71' lang='grc' dir='ltr'><strong>χκίρσν,</strong></span> <span class='ocrx_word' id='word_1_106' title='bbox 188 1741 359 1805; x_wconf 82' lang='lat' dir='ltr'><strong>Parmenidi</strong></span> <span class='ocrx_word' id='word_1_107' title='bbox 371 1739 478 1800; x_wconf 89' lang='lat' dir='ltr'><strong>tribui:</strong></span> <span class='ocrx_word' id='word_1_108' title='bbox 493 1738 575 1822; x_wconf 92' lang='lat' dir='ltr'><strong>quod</strong></span> <span class='ocrx_word' id='word_1_109' title='bbox 588 1759 672 1799; x_wconf 87' lang='lat' dir='ltr'><strong>secus</strong></span> <span class='ocrx_word' id='word_1_110' title='bbox 682 1738 810 1799; x_wconf 81' lang='lat' dir='ltr'><strong>videtur.</strong></span> <span class='ocrx_word' id='word_1_111' title='bbox 853 1733 948 1801; x_wconf 87' lang='lat' dir='ltr'><strong>Procli</strong></span> <span class='ocrx_word' id='word_1_112' title='bbox 962 1740 1050 1802; x_wconf 84' lang='lat' dir='ltr'><strong>verba</strong></span> <span class='ocrx_word' id='word_1_113' title='bbox 1061 1741 1137 1805; x_wconf 85' lang='lat' dir='ltr'><strong>bueo</strong></span> 
     </span>
     <span class='ocr_line' id='line_1_14' title="bbox 67 1851 1135 1927; baseline 0.007 -18"><span class='ocrx_word' id='word_1_114' title='bbox 67 1862 145 1910; x_wconf 84' lang='lat' dir='ltr'><strong>sunt:</strong></span> <span class='ocrx_word' id='word_1_115' title='bbox 187 1857 222 1916; x_wconf 69' lang='lat' dir='ltr'><strong>rt</strong></span> <span class='ocrx_word' id='word_1_116' title='bbox 240 1855 336 1922; x_wconf 67' lang='grc' dir='ltr'><strong><em>νσνσὸν</em></strong></span> <span class='ocrx_word' id='word_1_117' title='bbox 350 1857 406 1915; x_wconf 71' lang='grc' dir='ltr'><strong>πᾶν</strong></span> <span class='ocrx_word' id='word_1_118' title='bbox 420 1853 546 1913; x_wconf 76' lang='grc' dir='ltr'><strong><em>σσνσῦσίν</em></strong></span> <span class='ocrx_word' id='word_1_119' title='bbox 558 1851 640 1922; x_wconf 68' lang='grc' dir='ltr'><strong>ἐσσι,</strong></span> <span class='ocrx_word' id='word_1_120' title='bbox 654 1852 831 1927; x_wconf 69' lang='grc' dir='ltr'><strong>πανταχόθεν</strong></span> <span class='ocrx_word' id='word_1_121' title='bbox 845 1851 886 1922; x_wconf 76' lang='grc' dir='ltr'><strong>νίς</strong></span> <span class='ocrx_word' id='word_1_122' title='bbox 897 1851 983 1912; x_wconf 64' lang='lat' dir='ltr'><strong>saort</strong></span> <span class='ocrx_word' id='word_1_123' title='bbox 997 1858 1135 1926; x_wconf 78' lang='grc' dir='ltr'><strong><em>σνννσῦσν,</em></strong></span> 
     </span>
     <span class='ocr_line' id='line_1_15' title="bbox 65 1956 1137 2036; baseline -0.001 -14"><span class='ocrx_word' id='word_1_124' title='bbox 65 1963 215 2024; x_wconf 64' lang='lat' dir='ltr'><strong>»nastes</strong></span> <span class='ocrx_word' id='word_1_125' title='bbox 239 1961 377 2021; x_wconf 72' lang='grc' dir='ltr'><strong>εὐκύκλου</strong></span> <span class='ocrx_word' id='word_1_126' title='bbox 400 1960 521 2034; x_wconf 76' lang='grc' dir='ltr'><strong>σΦσίρκς</strong></span> <span class='ocrx_word' id='word_1_127' title='bbox 545 1959 704 2034; x_wconf 72' lang='grc' dir='ltr'><strong>ἐναλίγκιον</strong></span> <span class='ocrx_word' id='word_1_128' title='bbox 722 1957 797 2036; x_wconf 67' lang='grc' dir='ltr'><strong>’ίγκςν</strong></span> <span class='ocrx_word' id='word_1_129' title='bbox 815 1961 943 2032; x_wconf 63' lang='lat' dir='ltr'><strong>samos</strong></span> <span class='ocrx_word' id='word_1_130' title='bbox 965 1956 1137 2034; x_wconf 73' lang='grc' dir='ltr'><strong>ίσσπκλές,”</strong></span> 
     </span>
     <span class='ocr_line' id='line_1_16' title="bbox 64 2057 1136 2143; baseline 0.002 -17"><span class='ocrx_word' id='word_1_131' title='bbox 64 2069 106 2128; x_wconf 76' lang='lat' dir='ltr'><strong>sat</strong></span> <span class='ocrx_word' id='word_1_132' title='bbox 129 2069 224 2143; x_wconf 72' lang='grc' dir='ltr'><strong><em>νμίνκ</em></strong></span> <span class='ocrx_word' id='word_1_133' title='bbox 250 2066 354 2142; x_wconf 61' lang='lat' dir='ltr'><strong>(prosis)</strong></span> <span class='ocrx_word' id='word_1_134' title='bbox 380 2069 508 2141; x_wconf 76' lang='grc' dir='ltr'><strong>πσρνκγίί</strong></span> <span class='ocrx_word' id='word_1_135' title='bbox 531 2057 651 2142; x_wconf 52' lang='lat' dir='ltr'><strong>patav?</strong></span> <span class='ocrx_word' id='word_1_136' title='bbox 677 2063 762 2140; x_wconf 76' lang='grc' dir='ltr'><strong><em>Φνσίν</em></strong></span> <span class='ocrx_word' id='word_1_137' title='bbox 786 2069 800 2126; x_wconf 81' lang='grc' dir='ltr'><strong><em>ί</em></strong></span> <span class='ocrx_word' id='word_1_138' title='bbox 820 2065 1008 2141; x_wconf 70' lang='grc' dir='ltr'><strong>Παρμενίδης,</strong></span> <span class='ocrx_word' id='word_1_139' title='bbox 1039 2075 1080 2130; x_wconf 63' lang='lat' dir='ltr'><strong>rs</strong></span> <span class='ocrx_word' id='word_1_140' title='bbox 1103 2068 1136 2132; x_wconf 75' lang='lat' dir='ltr'><strong>n</strong></span> 
     </span>
     <span class='ocr_line' id='line_1_17' title="bbox 64 2167 1137 2250; baseline -0.001 -17"><span class='ocrx_word' id='word_1_141' title='bbox 64 2173 130 2234; x_wconf 70' lang='grc' dir='ltr'><strong>κίσὶ</strong></span> <span class='ocrx_word' id='word_1_142' title='bbox 158 2177 207 2234; x_wconf 76' lang='lat' dir='ltr'><strong>sul</strong></span> <span class='ocrx_word' id='word_1_143' title='bbox 234 2176 248 2234; x_wconf 80' lang='grc'><strong>1</strong></span> <span class='ocrx_word' id='word_1_144' title='bbox 277 2168 479 2247; x_wconf 70' lang='grc' dir='ltr'><strong>Ἐμπεδοκλῆς.</strong></span> <span class='ocrx_word' id='word_1_145' title='bbox 523 2167 634 2226; x_wconf 89' lang='lat' dir='ltr'><strong>llorum</strong></span> <span class='ocrx_word' id='word_1_146' title='bbox 654 2187 794 2226; x_wconf 75' lang='lat' dir='ltr'><strong>versuum</strong></span> <span class='ocrx_word' id='word_1_147' title='bbox 814 2167 895 2248; x_wconf 86' lang='lat' dir='ltr'><strong>prior</strong></span> <span class='ocrx_word' id='word_1_148' title='bbox 915 2189 983 2250; x_wconf 86' lang='lat' dir='ltr'><strong>pars</strong></span> <span class='ocrx_word' id='word_1_149' title='bbox 1004 2179 1047 2230; x_wconf 86' lang='lat' dir='ltr'><strong>est</strong></span> <span class='ocrx_word' id='word_1_150' title='bbox 1066 2172 1137 2232; x_wconf 82' lang='lat' dir='ltr'><strong>Par-</strong></span> 
     </span>
     <span class='ocr_line' id='line_1_18' title="bbox 65 2268 1136 2359; baseline 0.004 -27"><span class='ocrx_word' id='word_1_151' title='bbox 65 2273 197 2350; x_wconf 85' lang='lat' dir='ltr'><strong>menidis,</strong></span> <span class='ocrx_word' id='word_1_152' title='bbox 219 2277 365 2356; x_wconf 83' lang='lat' dir='ltr'><strong>posterior</strong></span> <span class='ocrx_word' id='word_1_153' title='bbox 384 2270 588 2354; x_wconf 82' lang='lat' dir='ltr'><strong>Empedoclis,</strong></span> <span class='ocrx_word' id='word_1_154' title='bbox 606 2291 684 2354; x_wconf 84' lang='lat' dir='ltr'><strong>quae</strong></span> <span class='ocrx_word' id='word_1_155' title='bbox 704 2268 826 2330; x_wconf 87' lang='lat' dir='ltr'><strong>Proclus</strong></span> <span class='ocrx_word' id='word_1_156' title='bbox 847 2272 1001 2348; x_wconf 82' lang='lat' dir='ltr'><strong>confudit,</strong></span> <span class='ocrx_word' id='word_1_157' title='bbox 1019 2284 1053 2333; x_wconf 86' lang='lat' dir='ltr'><strong>ut</strong></span> <span class='ocrx_word' id='word_1_158' title='bbox 1069 2277 1136 2359; x_wconf 88' lang='lat' dir='ltr'><strong>jam</strong></span> 
     </span>
    </p>
   </div>
   <div class='ocr_carea' id='block_1_5' title="bbox 49 2374 1138 4150">
    <p class='ocr_par' dir='ltr' id='par_1_5' title="bbox 49 2374 1138 4150">
     <span class='ocr_line' id='line_1_19' title="bbox 65 2374 1136 2464; baseline 0.005 -28"><span class='ocrx_word' id='word_1_159' title='bbox 65 2378 184 2440; x_wconf 82' lang='lat' dir='ltr'><strong>indicavi</strong></span> <span class='ocrx_word' id='word_1_160' title='bbox 204 2381 237 2439; x_wconf 86' lang='lat' dir='ltr'><strong>in</strong></span> <span class='ocrx_word' id='word_1_161' title='bbox 259 2379 463 2440; x_wconf 83' lang='lat' dir='ltr'><strong>Commentar.</strong></span> <span class='ocrx_word' id='word_1_162' title='bbox 481 2378 515 2436; x_wconf 89' lang='lat' dir='ltr'><strong>in</strong></span> <span class='ocrx_word' id='word_1_163' title='bbox 535 2378 671 2438; x_wconf 82' lang='lat' dir='ltr'><strong>Parmen.</strong></span> <span class='ocrx_word' id='word_1_164' title='bbox 692 2396 724 2457; x_wconf 90' lang='lat' dir='ltr'><strong>p.</strong></span> <span class='ocrx_word' id='word_1_165' title='bbox 743 2374 814 2436; x_wconf 85' lang='lat'><strong>109.</strong></span> <span class='ocrx_word' id='word_1_166' title='bbox 857 2378 1048 2440; x_wconf 88' lang='lat' dir='ltr'><strong>Posteriorem</strong></span> <span class='ocrx_word' id='word_1_167' title='bbox 1065 2402 1136 2464; x_wconf 79' lang='lat' dir='ltr'><strong>ergo</strong></span> 
     </span>
     <span class='ocr_line' id='line_1_20' title="bbox 66 2469 1136 2564; baseline 0.006 -22"><span class='ocrx_word' id='word_1_168' title='bbox 66 2481 174 2546; x_wconf 90' lang='lat' dir='ltr'><strong>buuoce</strong></span> <span class='ocrx_word' id='word_1_169' title='bbox 190 2504 325 2544; x_wconf 86' lang='lat' dir='ltr'><strong>versum:</strong></span> <span class='ocrx_word' id='word_1_170' title='bbox 342 2485 460 2563; x_wconf 70' lang='grc' dir='ltr'><strong>σφιίρσς</strong></span> <span class='ocrx_word' id='word_1_171' title='bbox 478 2493 652 2562; x_wconf 63' lang='grc' dir='ltr'><strong>κυκλοτερὴς</strong></span> <span class='ocrx_word' id='word_1_172' title='bbox 670 2496 741 2552; x_wconf 78' lang='grc' dir='ltr'><strong>κσλ.</strong></span> <span class='ocrx_word' id='word_1_173' title='bbox 783 2469 971 2564; x_wconf 82' lang='lat' dir='ltr'><strong>Empedoclis</strong></span> <span class='ocrx_word' id='word_1_174' title='bbox 987 2507 1048 2546; x_wconf 89' lang='lat' dir='ltr'><strong>esse</strong></span> <span class='ocrx_word' id='word_1_175' title='bbox 1066 2508 1136 2548; x_wconf 90' lang='lat' dir='ltr'><strong>con·</strong></span> 
     </span>
     <span class='ocr_line' id='line_1_21' title="bbox 65 2588 1135 2673; baseline 0.007 -28"><span class='ocrx_word' id='word_1_176' title='bbox 65 2597 122 2648; x_wconf 86' lang='lat' dir='ltr'><strong>stat.</strong></span> <span class='ocrx_word' id='word_1_177' title='bbox 148 2591 189 2649; x_wconf 80' lang='lat' dir='ltr'><strong>ne</strong></span> <span class='ocrx_word' id='word_1_178' title='bbox 204 2588 298 2648; x_wconf 86' lang='lat' dir='ltr'><strong>altero</strong></span> <span class='ocrx_word' id='word_1_179' title='bbox 313 2599 413 2654; x_wconf 80' lang='lat' dir='ltr'><strong>autem</strong></span> <span class='ocrx_word' id='word_1_180' title='bbox 427 2609 529 2665; x_wconf 80' lang='lat' dir='ltr'><strong>versu,</strong></span> <span class='ocrx_word' id='word_1_181' title='bbox 543 2588 617 2656; x_wconf 67' lang='grc' dir='ltr'><strong>ἀλλ’</strong></span> <span class='ocrx_word' id='word_1_182' title='bbox 631 2592 682 2670; x_wconf 62' lang='grc' dir='ltr'><strong>ὅγε</strong></span> <span class='ocrx_word' id='word_1_183' title='bbox 694 2594 842 2665; x_wconf 60' lang='lat' dir='ltr'><strong>susten,</strong></span> <span class='ocrx_word' id='word_1_184' title='bbox 856 2589 929 2673; x_wconf 90' lang='lat' dir='ltr'><strong>quid</strong></span> <span class='ocrx_word' id='word_1_185' title='bbox 944 2590 1135 2652; x_wconf 88' lang='lat' dir='ltr'><strong>statuendum</strong></span> 
     </span>
     <span class='ocr_line' id='line_1_22' title="bbox 65 2683 1134 2776; baseline 0.006 -25"><span class='ocrx_word' id='word_1_186' title='bbox 65 2693 112 2767; x_wconf 87' lang='lat' dir='ltr'><strong>sit,</strong></span> <span class='ocrx_word' id='word_1_187' title='bbox 141 2693 292 2754; x_wconf 87' lang='lat' dir='ltr'><strong>difficilius</strong></span> <span class='ocrx_word' id='word_1_188' title='bbox 319 2691 414 2753; x_wconf 84' lang='lat' dir='ltr'><strong>dictu.</strong></span> <span class='ocrx_word' id='word_1_189' title='bbox 457 2683 540 2754; x_wconf 86' lang='lat' dir='ltr'><strong>Siout</strong></span> <span class='ocrx_word' id='word_1_190' title='bbox 567 2695 601 2754; x_wconf 90' lang='lat' dir='ltr'><strong>in</strong></span> <span class='ocrx_word' id='word_1_191' title='bbox 629 2693 755 2755; x_wconf 80' lang='lat' dir='ltr'><strong>Stobaeo</strong></span> <span class='ocrx_word' id='word_1_192' title='bbox 782 2694 904 2776; x_wconf 78' lang='lat' dir='ltr'><strong>legitur,</strong></span> <span class='ocrx_word' id='word_1_193' title='bbox 929 2716 1054 2757; x_wconf 84' lang='lat' dir='ltr'><strong>mancus</strong></span> <span class='ocrx_word' id='word_1_194' title='bbox 1074 2707 1134 2775; x_wconf 90' lang='lat' dir='ltr'><strong>est;</strong></span> 
     </span>
     <span class='ocr_line' id='line_1_23' title="bbox 65 2794 1135 2882; baseline 0.007 -27"><span class='ocrx_word' id='word_1_195' title='bbox 65 2794 144 2860; x_wconf 88' lang='lat' dir='ltr'><strong>babet</strong></span> <span class='ocrx_word' id='word_1_196' title='bbox 163 2799 246 2858; x_wconf 90' lang='lat' dir='ltr'><strong>enim</strong></span> <span class='ocrx_word' id='word_1_197' title='bbox 266 2804 401 2866; x_wconf 61' lang='grc' dir='ltr'><strong>κκνκίίεν</strong></span> <span class='ocrx_word' id='word_1_198' title='bbox 415 2799 493 2874; x_wconf 71' lang='lat' dir='ltr'><strong>lm,</strong></span> <span class='ocrx_word' id='word_1_199' title='bbox 515 2797 599 2881; x_wconf 92' lang='lat' dir='ltr'><strong>quod</strong></span> <span class='ocrx_word' id='word_1_200' title='bbox 618 2797 668 2858; x_wconf 83' lang='lat' dir='ltr'><strong>alii</strong></span> <span class='ocrx_word' id='word_1_201' title='bbox 689 2798 870 2881; x_wconf 82' lang='lat' dir='ltr'><strong>supplerunt</strong></span> <span class='ocrx_word' id='word_1_202' title='bbox 887 2800 1046 2862; x_wconf 86' lang='lat' dir='ltr'><strong>inserendo</strong></span> <span class='ocrx_word' id='word_1_203' title='bbox 1063 2807 1135 2882; x_wconf 68' lang='grc' dir='ltr'><strong>ἔφυ,</strong></span> 
     </span>
     <span class='ocr_line' id='line_1_24' title="bbox 65 2900 1135 2994; baseline 0.011 -34"><span class='ocrx_word' id='word_1_204' title='bbox 65 2900 122 2979; x_wconf 88' lang='lat' dir='ltr'><strong>alii,</strong></span> <span class='ocrx_word' id='word_1_205' title='bbox 140 2909 205 2974; x_wconf 60' lang='lat' dir='ltr'><strong>tn„</strong></span> <span class='ocrx_word' id='word_1_206' title='bbox 224 2903 311 2964; x_wconf 88' lang='lat' dir='ltr'><strong>nobis</strong></span> <span class='ocrx_word' id='word_1_207' title='bbox 328 2903 513 2986; x_wconf 81' lang='lat' dir='ltr'><strong>probabilius</strong></span> <span class='ocrx_word' id='word_1_208' title='bbox 530 2905 626 2963; x_wconf 81' lang='lat' dir='ltr'><strong>visum</strong></span> <span class='ocrx_word' id='word_1_209' title='bbox 643 2906 705 2980; x_wconf 77' lang='grc' dir='ltr'><strong><em>ίσσς</em></strong></span> <span class='ocrx_word' id='word_1_210' title='bbox 726 2915 841 2964; x_wconf 89' lang='lat' dir='ltr'><strong>mutare</strong></span> <span class='ocrx_word' id='word_1_211' title='bbox 861 2906 894 2965; x_wconf 88' lang='lat' dir='ltr'><strong>in</strong></span> <span class='ocrx_word' id='word_1_212' title='bbox 907 2911 1059 2985; x_wconf 76' lang='grc' dir='ltr'><strong>1σσκκλίς,</strong></span> <span class='ocrx_word' id='word_1_213' title='bbox 1073 2933 1135 2994; x_wconf 92' lang='lat' dir='ltr'><strong>quo</strong></span> 
     </span>
     <span class='ocr_line' id='line_1_25' title="bbox 64 3008 1133 3094; baseline 0.012 -30"><span class='ocrx_word' id='word_1_214' title='bbox 64 3009 200 3069; x_wconf 82' lang='lat' dir='ltr'><strong>vocabulo</strong></span> <span class='ocrx_word' id='word_1_215' title='bbox 229 3010 323 3069; x_wconf 84' lang='lat' dir='ltr'><strong>utitur</strong></span> <span class='ocrx_word' id='word_1_216' title='bbox 344 3019 374 3069; x_wconf 86' lang='lat' dir='ltr'><strong>et</strong></span> <span class='ocrx_word' id='word_1_217' title='bbox 398 3008 596 3070; x_wconf 84' lang='lat' dir='ltr'><strong>Parmenides.</strong></span> <span class='ocrx_word' id='word_1_218' title='bbox 643 3010 836 3087; x_wconf 82' lang='lat' dir='ltr'><strong>Quinetiam</strong></span> <span class='ocrx_word' id='word_1_219' title='bbox 860 3011 1027 3094; x_wconf 86' lang='lat' dir='ltr'><strong>suspicatus</strong></span> <span class='ocrx_word' id='word_1_220' title='bbox 1050 3035 1133 3094; x_wconf 88' lang='lat' dir='ltr'><strong>sum,</strong></span> 
     </span>
     <span class='ocr_line' id='line_1_26' title="bbox 63 3113 1136 3198; baseline 0.01 -29"><span class='ocrx_word' id='word_1_221' title='bbox 63 3113 232 3174; x_wconf 75' lang='lat' dir='ltr'><strong>versiculum</strong></span> <span class='ocrx_word' id='word_1_222' title='bbox 248 3113 349 3189; x_wconf 83' lang='lat' dir='ltr'><strong>hunc,</strong></span> <span class='ocrx_word' id='word_1_223' title='bbox 367 3114 537 3174; x_wconf 82' lang='lat' dir='ltr'><strong>memoriter</strong></span> <span class='ocrx_word' id='word_1_224' title='bbox 553 3113 707 3196; x_wconf 84' lang='lat' dir='ltr'><strong>proditum</strong></span> <span class='ocrx_word' id='word_1_225' title='bbox 725 3127 777 3176; x_wconf 88' lang='lat' dir='ltr'><strong>aut</strong></span> <span class='ocrx_word' id='word_1_226' title='bbox 793 3115 892 3176; x_wconf 87' lang='lat' dir='ltr'><strong>minus</strong></span> <span class='ocrx_word' id='word_1_227' title='bbox 907 3116 1064 3198; x_wconf 86' lang='lat' dir='ltr'><strong>diligenter</strong></span> <span class='ocrx_word' id='word_1_228' title='bbox 1078 3142 1136 3180; x_wconf 89' lang='lat' dir='ltr'><strong>no-</strong></span> 
     </span>
     <span class='ocr_line' id='line_1_27' title="bbox 65 3217 1134 3306; baseline 0.01 -32"><span class='ocrx_word' id='word_1_229' title='bbox 65 3223 166 3296; x_wconf 88' lang='lat' dir='ltr'><strong>tatum,</strong></span> <span class='ocrx_word' id='word_1_230' title='bbox 183 3240 223 3278; x_wconf 83' lang='lat' dir='ltr'><strong>ex</strong></span> <span class='ocrx_word' id='word_1_231' title='bbox 236 3217 290 3276; x_wconf 91' lang='lat' dir='ltr'><strong>illo</strong></span> <span class='ocrx_word' id='word_1_232' title='bbox 301 3217 485 3278; x_wconf 86' lang='lat' dir='ltr'><strong>Parmenidis</strong></span> <span class='ocrx_word' id='word_1_233' title='bbox 499 3237 601 3295; x_wconf 84' lang='lat' dir='ltr'><strong>versu,</strong></span> <span class='ocrx_word' id='word_1_234' title='bbox 616 3226 750 3288; x_wconf 54' lang='lat' dir='ltr'><strong>saerata</strong></span> <span class='ocrx_word' id='word_1_235' title='bbox 762 3227 1072 3306; x_wconf 65' lang='grc' dir='ltr'><strong>-1σοκκλὲςπάνσῃ,</strong></span> <span class='ocrx_word' id='word_1_236' title='bbox 1085 3225 1134 3287; x_wconf 84' lang='lat' dir='ltr'><strong>vel</strong></span> 
     </span>
     <span class='ocr_line' id='line_1_28' title="bbox 65 3317 1134 3406; baseline 0.016 -32"><span class='ocrx_word' id='word_1_237' title='bbox 65 3337 99 3376; x_wconf 86' lang='lat' dir='ltr'><strong>ex</strong></span> <span class='ocrx_word' id='word_1_238' title='bbox 116 3317 170 3380; x_wconf 87' lang='lat' dir='ltr'><strong>hoo</strong></span> <span class='ocrx_word' id='word_1_239' title='bbox 190 3319 498 3405; x_wconf 80' lang='lat' dir='ltr'><strong>ejusdem(vs.108),</strong></span> <span class='ocrx_word' id='word_1_240' title='bbox 520 3332 653 3392; x_wconf 60' lang='lat' dir='ltr'><strong>sanates</strong></span> <span class='ocrx_word' id='word_1_241' title='bbox 666 3329 728 3394; x_wconf 69' lang='lat' dir='ltr'><strong>lm</strong></span> <span class='ocrx_word' id='word_1_242' title='bbox 746 3334 833 3406; x_wconf 69' lang='grc' dir='ltr'><strong>ὁμῶς,</strong></span> <span class='ocrx_word' id='word_1_243' title='bbox 851 3349 1001 3405; x_wconf 83' lang='lat' dir='ltr'><strong>manasse,</strong></span> <span class='ocrx_word' id='word_1_244' title='bbox 1019 3340 1134 3392; x_wconf 88' lang='lat' dir='ltr'><strong>etcum</strong></span> 
     </span>
     <span class='ocr_line' id='line_1_29' title="bbox 66 3419 1135 3517; baseline 0.014 -37"><span class='ocrx_word' id='word_1_245' title='bbox 66 3419 252 3504; x_wconf 81' lang='lat' dir='ltr'><strong>Empedocleo</strong></span> <span class='ocrx_word' id='word_1_246' title='bbox 275 3447 361 3486; x_wconf 81' lang='lat' dir='ltr'><strong>versu</strong></span> <span class='ocrx_word' id='word_1_247' title='bbox 384 3427 544 3489; x_wconf 85' lang='lat' dir='ltr'><strong>confusum</strong></span> <span class='ocrx_word' id='word_1_248' title='bbox 566 3431 658 3516; x_wconf 88' lang='lat' dir='ltr'><strong>hujus</strong></span> <span class='ocrx_word' id='word_1_249' title='bbox 681 3432 789 3494; x_wconf 87' lang='lat' dir='ltr'><strong>deinde</strong></span> <span class='ocrx_word' id='word_1_250' title='bbox 812 3435 930 3494; x_wconf 90' lang='lat' dir='ltr'><strong>nomini</strong></span> <span class='ocrx_word' id='word_1_251' title='bbox 950 3434 1135 3517; x_wconf 86' lang='lat' dir='ltr'><strong>adscriptum</strong></span> 
     </span>
     <span class='ocr_line' id='line_1_30' title="bbox 67 3531 1135 3621; baseline 0.017 -39"><span class='ocrx_word' id='word_1_252' title='bbox 67 3545 130 3588; x_wconf 86' lang='lat' dir='ltr'><strong>esse.</strong></span> <span class='ocrx_word' id='word_1_253' title='bbox 168 3532 281 3591; x_wconf 83' lang='lat' dir='ltr'><strong>Verum</strong></span> <span class='ocrx_word' id='word_1_254' title='bbox 306 3531 436 3612; x_wconf 88' lang='lat' dir='ltr'><strong>suspicio</strong></span> <span class='ocrx_word' id='word_1_255' title='bbox 463 3532 538 3594; x_wconf 90' lang='lat' dir='ltr'><strong>haec</strong></span> <span class='ocrx_word' id='word_1_256' title='bbox 565 3547 622 3614; x_wconf 86' lang='lat' dir='ltr'><strong>est,</strong></span> <span class='ocrx_word' id='word_1_257' title='bbox 651 3538 675 3598; x_wconf 90' lang='lat' dir='ltr'><strong>si</strong></span> <span class='ocrx_word' id='word_1_258' title='bbox 702 3559 766 3598; x_wconf 90' lang='lat' dir='ltr'><strong>non</strong></span> <span class='ocrx_word' id='word_1_259' title='bbox 787 3538 1009 3621; x_wconf 86' lang='lat' dir='ltr'><strong>improbabilis,</strong></span> <span class='ocrx_word' id='word_1_260' title='bbox 1034 3551 1135 3601; x_wconf 87' lang='lat' dir='ltr'><strong>tamen</strong></span> 
     </span>
     <span class='ocr_line' id='line_1_31' title="bbox 67 3634 1137 3728; baseline 0.017 -41"><span class='ocrx_word' id='word_1_261' title='bbox 67 3634 232 3695; x_wconf 83' lang='lat' dir='ltr'><strong>auctoritate</strong></span> <span class='ocrx_word' id='word_1_262' title='bbox 262 3657 384 3714; x_wconf 80' lang='lat' dir='ltr'><strong>carens3</strong></span> <span class='ocrx_word' id='word_1_263' title='bbox 415 3658 474 3698; x_wconf 88' lang='lat' dir='ltr'><strong>neo</strong></span> <span class='ocrx_word' id='word_1_264' title='bbox 503 3640 669 3725; x_wconf 88' lang='lat' dir='ltr'><strong>quidquam</strong></span> <span class='ocrx_word' id='word_1_265' title='bbox 700 3643 813 3719; x_wconf 77' lang='lat' dir='ltr'><strong>obstat,</strong></span> <span class='ocrx_word' id='word_1_266' title='bbox 845 3646 1006 3728; x_wconf 85' lang='lat' dir='ltr'><strong>quominus</strong></span> <span class='ocrx_word' id='word_1_267' title='bbox 1036 3653 1137 3706; x_wconf 75' lang='lat' dir='ltr'><strong>versds</strong></span> 
     </span>
     <span class='ocr_line' id='line_1_32' title="bbox 49 3735 1138 3831; baseline 0.016 -37"><span class='ocrx_word' id='word_1_268' title='bbox 49 3735 143 3812; x_wconf 86' lang='lat' dir='ltr'><strong>·talis,</strong></span> <span class='ocrx_word' id='word_1_269' title='bbox 162 3738 257 3822; x_wconf 88' lang='lat' dir='ltr'><strong>qualis</strong></span> <span class='ocrx_word' id='word_1_270' title='bbox 278 3738 406 3822; x_wconf 82' lang='lat' dir='ltr'><strong>legitur,</strong></span> <span class='ocrx_word' id='word_1_271' title='bbox 430 3743 468 3826; x_wconf 81' lang='lat' dir='ltr'><strong>ab</strong></span> <span class='ocrx_word' id='word_1_272' title='bbox 492 3745 634 3807; x_wconf 87' lang='lat' dir='ltr'><strong>alterutro</strong></span> <span class='ocrx_word' id='word_1_273' title='bbox 656 3747 778 3808; x_wconf 89' lang='lat' dir='ltr'><strong>illorum</strong></span> <span class='ocrx_word' id='word_1_274' title='bbox 802 3749 839 3809; x_wconf 89' lang='lat' dir='ltr'><strong>sit</strong></span> <span class='ocrx_word' id='word_1_275' title='bbox 862 3749 1023 3831; x_wconf 88' lang='lat' dir='ltr'><strong>profectus.</strong></span> <span class='ocrx_word' id='word_1_276' title='bbox 1065 3778 1138 3819; x_wconf 66' lang='lat' dir='ltr'><strong>nae.</strong></span> 
     </span>
     <span class='ocr_line' id='line_1_33' title="bbox 68 3845 1137 3936; baseline 0.014 -34"><span class='ocrx_word' id='word_1_277' title='bbox 68 3845 136 3908; x_wconf 79' lang='grc' dir='ltr'><strong><em>σίίεν</em></strong></span> <span class='ocrx_word' id='word_1_278' title='bbox 159 3848 297 3920; x_wconf 59' lang='lat' dir='ltr'><strong>ironam</strong></span> <span class='ocrx_word' id='word_1_279' title='bbox 324 3846 381 3907; x_wconf 83' lang='lat' dir='ltr'><strong>sive</strong></span> <span class='ocrx_word' id='word_1_280' title='bbox 404 3850 467 3926; x_wconf 79' lang='grc' dir='ltr'><strong><em>ίσσς</em></strong></span> <span class='ocrx_word' id='word_1_281' title='bbox 485 3851 518 3910; x_wconf 86' lang='lat' dir='ltr'><strong>in</strong></span> <span class='ocrx_word' id='word_1_282' title='bbox 539 3851 622 3935; x_wconf 83' lang='lat' dir='ltr'><strong>globi</strong></span> <span class='ocrx_word' id='word_1_283' title='bbox 642 3855 804 3936; x_wconf 79' lang='lat' dir='ltr'><strong>imaginem</strong></span> <span class='ocrx_word' id='word_1_284' title='bbox 826 3856 980 3932; x_wconf 76' lang='lat' dir='ltr'><strong>convenit3</strong></span> <span class='ocrx_word' id='word_1_285' title='bbox 1001 3857 1137 3918; x_wconf 76' lang='lat' dir='ltr'><strong>vocabu-</strong></span> 
     </span>
     <span class='ocr_line' id='line_1_34' title="bbox 67 3941 1133 4040; baseline 0.022 -40"><span class='ocrx_word' id='word_1_286' title='bbox 67 3941 127 4006; x_wconf 89' lang='lat' dir='ltr'><strong>lum</strong></span> <span class='ocrx_word' id='word_1_287' title='bbox 146 3949 342 4032; x_wconf 83' lang='lat' dir='ltr'><strong>explicuimus</strong></span> <span class='ocrx_word' id='word_1_288' title='bbox 361 3952 396 4012; x_wconf 91' lang='lat' dir='ltr'><strong>in</strong></span> <span class='ocrx_word' id='word_1_289' title='bbox 416 3954 581 4019; x_wconf 83' lang='lat' dir='ltr'><strong>Comment.</strong></span> <span class='ocrx_word' id='word_1_290' title='bbox 604 3958 741 4020; x_wconf 87' lang='lat' dir='ltr'><strong>Parmen.</strong></span> <span class='ocrx_word' id='word_1_291' title='bbox 766 3981 797 4040; x_wconf 92' lang='lat' dir='ltr'><strong>p.</strong></span> <span class='ocrx_word' id='word_1_292' title='bbox 822 3958 897 4034; x_wconf 87' lang='lat'>109,</span> <span class='ocrx_word' id='word_1_293' title='bbox 922 3961 999 4038; x_wconf 91' lang='lat' dir='ltr'><strong>lll,</strong></span> <span class='ocrx_word' id='word_1_294' title='bbox 1019 3963 1058 4023; x_wconf 91' lang='lat' dir='ltr'><strong>ad</strong></span> <span class='ocrx_word' id='word_1_295' title='bbox 1076 3984 1133 4023; x_wconf 81' lang='lat' dir='ltr'><strong>vss.</strong></span> 
     </span>
     <span class='ocr_line' id='line_1_35' title="bbox 70 4046 1137 4150; baseline 0.021 -43"><span class='ocrx_word' id='word_1_296' title='bbox 70 4046 123 4109; x_wconf 77' lang='lat'><strong>103</strong></span> <span class='ocrx_word' id='word_1_297' title='bbox 144 4063 172 4112; x_wconf 82' lang='lat' dir='ltr'><strong>et</strong></span> <span class='ocrx_word' id='word_1_298' title='bbox 197 4053 263 4116; x_wconf 82' lang='lat'>108.</span> <span class='ocrx_word' id='word_1_299' title='bbox 306 4061 424 4139; x_wconf 62' lang='grc' dir='ltr'><strong><em>ἀπείρων</em></strong></span> <span class='ocrx_word' id='word_1_300' title='bbox 443 4081 507 4121; x_wconf 89' lang='lat' dir='ltr'><strong>non</strong></span> <span class='ocrx_word' id='word_1_301' title='bbox 529 4062 711 4123; x_wconf 89' lang='lat' dir='ltr'><strong>mutandum</strong></span> <span class='ocrx_word' id='word_1_302' title='bbox 725 4065 757 4124; x_wconf 91' lang='lat' dir='ltr'><strong>in</strong></span> <span class='ocrx_word' id='word_1_303' title='bbox 772 4071 894 4148; x_wconf 61' lang='grc' dir='ltr'><strong>ἄπηρος,</strong></span> <span class='ocrx_word' id='word_1_304' title='bbox 917 4067 999 4150; x_wconf 89' lang='lat' dir='ltr'><strong>quod</strong></span> <span class='ocrx_word' id='word_1_305' title='bbox 1016 4077 1137 4129; x_wconf 85' lang='lat' dir='ltr'><strong>auctore</strong></span> 
     </span>
    </p>
   </div>
   <div class='ocr_carea' id='block_1_6' title="bbox 0 0 1395 4916">
    <p class='ocr_par' dir='ltr' id='par_1_6' title="bbox 0 0 1395 4916">
     <span class='ocr_line' id='line_1_36' title="bbox 0 0 1395 4916; baseline 0 0"><span class='ocrx_word' id='word_1_306' title='bbox 0 0 1395 4916; x_wconf 95' lang='lat' dir='ltr'><strong> </strong></span> 
     </span>
    </p>
   </div>
  </div>
 </body>
</html>
