2756 4912
526 393 700 448 GMUIM·

98 565 181 654 lus,
207 577 316 652 terra,
345 558 486 634 coelum
513 573 623 661 atque
649 585 764 653 mare,
789 603 833 618 -

95 706 347 782 quoecumque
363 682 449 756 inde
472 681 646 782 discerpta
668 667 768 756 inter
788 681 948 757 mortalia
973 696 1106 756 errant.

93 803 262 878 Similiter
282 826 378 906 quse
400 803 446 877 ad
468 803 692 883 miscendum
714 804 824 905 magis
845 803 1097 880 convenientis
1120 816 1222 895 sunt,

2 923 76 998 330.
90 937 221 998 mutuo
241 949 317 998 sese
343 937 482 1021 amant,
509 923 655 1000 Venere
675 927 880 1004 consociata.

91 1047 226 1120 infesta
248 1072 334 1124 vero
353 1074 376 1120 a
394 1073 433 1122 se
453 1048 609 1126 invicem
628 1047 734 1148 longe
752 1045 942 1140 dissident,
963 1042 1191 1120 dissociabilis

90 1193 223 1270 genere
242 1184 279 1243 et
303 1169 477 1268 temperie
501 1185 539 1244 et
561 1171 761 1246 formarum
780 1166 912 1268 effigie,

91 1290 286 1366 coalescere
309 1291 454 1365 omnino
484 1291 600 1364 nescia
621 1289 798 1392 valdeque
820 1291 965 1382 misera,

90 1415 264 1510 quoniam
280 1409 365 1511 ipsis
383 1409 532 1485 discordi
549 1413 693 1512 ingenio
712 1412 802 1486 natis
821 1435 951 1510 corpus
965 1436 1073 1486 omne
1089 1421 1221 1508 turget.

86 1779 271 1878 (Amic)

7 1898 75 1975 335.
87 1902 284 1975 formosam
300 1899 393 1974 banc
410 1900 655 1978 bumanorum
670 1900 917 1978 membrorum
934 1926 1157 2002 compagem:

85 2022 198 2096 ‘modo
224 2046 344 2097 amore
368 2024 604 2123 conspirantia
632 2026 672 2098 in
692 2050 814 2100 unum
836 2037 966 2097 cuncta

90 2172 189 2247 quae
210 2146 352 2244 corpori
374 2143 532 2244 obtigere
553 2144 714 2220 membra
736 2149 776 2219 in
801 2147 894 2224 vitae
915 2143 1002 2220 flore
1026 2146 1163 2247 vigent3

92 2265 201 2339 modo
221 2291 348 2341 rursus
369 2267 462 2341 malo
489 2265 629 2345 divulsa
654 2266 818 2362 dissidio,

89 2392 240 2468 seorsim
259 2391 401 2494 singula
424 2393 561 2468 circum
589 2394 683 2470 vitae
708 2391 909 2493 marginem
929 2387 1107 2464 oberrant.

9 2513 76 2608 ilo.
89 2513 262 2590 Similiter
282 2514 322 2588 in
344 2513 531 2590 arboribus
549 2513 779 2616 piscibusque
803 2514 988 2616 aquigenis

89 2637 252 2736 ferisque
272 2636 471 2712 monticolis
490 2649 528 2710 et
550 2635 688 2736 aligeris
711 2634 848 2712 avibus.
979 2685 982 2694 ·

1 3164 2 3173 κ
87 3125 134 3196 At
146 3122 215 3212 illi,
232 3149 352 3222 quum
365 3138 430 3197 aut
441 3124 537 3197 inter
551 3123 718 3198 homines
732 3120 864 3222 aliquis
877 3124 999 3198 lucem
1012 3125 1228 3224 adspexerit,
1343 3200 1346 3206 ,

87 3259 153 3320 out
178 3268 224 3320 ex
247 3245 477 3319 animantum
500 3243 662 3320 ferarum
682 3269 814 3344 genere
833 3259 898 3321 ant
920 3245 1091 3320 arborum

87 3381 155 3440 aut
178 3365 399 3462 volucrium,
419 3380 502 3440 tum
523 3380 652 3440 natum
670 3381 820 3466 putant3

11 3485 74 3577 245.
86 3513 212 3588 quum
236 3512 322 3561 vero
347 3514 385 3562 se
406 3503 609 3579 secernant,
635 3488 883 3565 miserandum
908 3491 1026 3564 fatum

86 3606 290 3710 appellant,
306 3622 461 3706 temere3
476 3608 539 3685 sed
557 3610 812 3685 consuetudini
828 3613 903 3712 ipse
920 3637 980 3686 me
997 3613 1233 3688 accommodo.

13 4005 68 4078 lsip.
85 4029 136 4080 ger.
153 4029 243 4084 praec.
262 4031 289 4083 p.
305 4017 368 4077 teca
389 4014 446 4067 Vol.
459 4015 512 4074 IX,
528 4032 554 4085 p.
569 4015 625 4070 abb.
640 4016 756 4086 ejusdem
770 4017 860 4072 veredo
872 4033 932 4088 pm
944 4017 1077 4088 posterior
1089 4021 1160 4090 cipp
1173 4021 1231 4074 art.

14 4096 59 4150 sle.
74 4102 154 4158 Golot.
176 4120 206 4172 p.
231 4119 308 4168 ¹¹¹²3
327 4103 383 4158 Vol.
400 4106 438 4165 X,
455 4117 482 4174 p.
504 4103 561 4170 577.
