2850 4896
525 417 763 468 rrflnotol’um.

592 729 613 810 s
634 731 688 790 aa.

463 957 510 1022 llll
530 956 643 1020 amns
662 957 812 1020 nlvtms.

306 1139 366 1210 De
390 1139 462 1210 diis
468 1193 483 1226 ,
508 1141 744 1213 daemonibus
770 1155 805 1212 et
830 1143 974 1212 animis.

150 1310 330 1382 Hactenus
346 1310 604 1404 enarravimus,
617 1308 793 1408 quomodo
804 1307 1047 1406 Empedocles,
1063 1337 1083 1382 a
1099 1337 1174 1383 cer·

97 1433 145 1502 tis
167 1429 347 1526 profectus
365 1429 561 1527 principiis,
583 1455 630 1502 ex
649 1429 702 1502 bis
720 1454 862 1502 omnem
883 1429 1012 1502 mundi
1029 1455 1174 1504 rerum-

99 1574 176 1648 que
196 1546 399 1624 mortalium
418 1562 584 1622 naturam
602 1549 827 1646 explicuerit:
850 1549 1037 1648 inquibus
1056 1551 1173 1624 faten-

99 1669 190 1742 dum
208 1693 293 1761 sane
308 1693 411 1761 eum,
423 1669 547 1767 paucis
558 1670 729 1766 exceptis,
743 1671 876 1766 optime
888 1668 953 1742 sibi
964 1695 1172 1768 congruere.

100 1790 238 1880 Restat,
267 1804 310 1862 ut
338 1787 384 1861 de
404 1803 533 1862 natura
558 1789 677 1862 divina
700 1789 788 1888 quid
809 1791 957 1864 senserit
976 1790 1175 1866 videamus.

149 1910 229 1992 Jam
264 1935 371 2009 supra
400 1909 737 2000 animadvertimus,
767 1911 1018 2009 Empedoclem
1050 1910 1174 1984 eadem

100 2033 223 2106 secisse
256 2057 381 2105 rerum
414 2030 619 2106 divinarum
657 2056 698 2102 ac
723 2030 964 2106 humanarum
986 2032 1176 2130 principia:

98 2153 150 2224 sic
165 2177 349 2226 summum
365 2153 473 2226 totius
491 2166 655 2242 naturae,
676 2152 843 2227 universa
858 2151 960 2225 volut
978 2152 1016 2223 in
1036 2177 1073 2224 se
1088 2179 1176 2226 oon-

98 2274 234 2364 tinens,
264 2275 461 2371 ὅσφαῖρσς,
490 2299 654 2346 summus
687 2287 739 2346 est
765 2273 877 2362 Deus,
908 2273 1000 2347 siout
1031 2271 1175 2370 abipso

97 2395 298 2492 appellatur
314 2410 348 2466 1:
383 2423 494 2496 quem
518 2398 636 2468 Deum
655 2393 768 2493 tangit
794 2391 1010 2484 Aristotelea,
1034 2393 1174 2483 dicere,

96 2543 146 2588 ex
183 2516 404 2614 Empedoclis
446 2517 581 2589 ratione
612 2513 853 2588 beatissimum
885 2537 1023 2586 numen
1055 2514 1176 2586 minus
1218 2607 1223 2616 Ι

98 2636 256 2733 perlecto
280 2635 436 2736 gaudere
456 2635 640 2710 intellectu
663 2661 773 2734 quam
798 2632 955 2734 reliquas
980 2648 1127 2708 naturas
1142 2643 1173 2710 ².

94 2755 207 2828 Porro
236 2755 285 2828 dii
310 2771 397 2832 sunt
422 2754 789 2856 quatuor-elementa,
822 2752 951 2830 divinis
972 2753 1177 2828 nominibus

94 2873 145 2948 ab
166 2877 241 2973 ipso
263 2877 521 2976 cognominata:
550 2873 702 2971 Jupiter,
729 2873 751 2942 J
756 2899 843 2964 uno,
875 2871 1008 2962 Hades,
1041 2873 1176 2967 Nestis3

94 2993 185 3068 item
217 2998 383 3072 Amicitia
418 3011 454 3072 et
488 2995 664 3069 Discordia
692 3005 723 3066 ³.
787 2992 931 3066 Praeter
971 2994 1052 3064 istos
1093 3018 1176 3068 vero

96 3115 221 3212 plures
256 3117 363 3190 etiam
395 3117 547 3216 agnoscit
581 3113 681 3206 deos,
720 3112 924 3189 mortalium
956 3116 1066 3186 instar
1098 3111 1175 3184 ele-

49 3304 53 3310 .
94 3249 304 3310 mentorum
327 3235 548 3310 concretione
573 3236 753 3308 formatos:
778 3233 863 3306 inde
887 3235 984 3306 enim
993 3287 1007 3320 ,
1032 3233 1174 3332 inquit,

91 3356 312 3428 exstiterunt
334 3360 476 3430 omnia:

126 3473 280 3576 ’δένδρεσί
305 3481 335 3552 τ’
360 3475 556 3572 ἐβλάστησε
582 3481 638 3552 καὶ
663 3477 770 3574 ἀνέρες
795 3475 849 3566 >iil
874 3480 1046 3574 γυναῖκες,
1067 3534 1074 3550 .
1101 3534 1108 3551 .
1138 3536 1146 3550 .

145 3601 201 3674 aa}
225 3628 263 3674 σε
288 3598 351 3677 leot
376 3599 586 3700 δολιχαίωνες
611 3603 727 3696 rapior
752 3603 902 3697 φέριστοι
919 3611 949 3671 4.

127 3821 170 3884 (1)
188 3821 245 3872 vta.
261 3837 338 3891 supra
356 3839 381 3891 p.
398 3822 453 3874 316.

127 3911 170 3978 (a)
188 3910 219 3962 Ut
237 3912 376 3964 memoravi
392 3927 470 3980 supra
487 3929 512 3980 p.
528 3913 587 3980 497,
604 3919 655 3962 not.
674 3910 728 3971 317.

126 4001 169 4066 43)
187 3999 243 4051 vit.
261 4018 338 4070 supra
354 4018 380 4070 p.
397 4000 447 4062 344
464 4007 491 4052 et
508 3999 563 4060 347.

127 4090 168 4154 (4)
187 4090 290 4158 Emped.
308 4107 356 4144 vas.
378 4088 493 4143 133·135.
