2768 4910
495 431 735 480 rmnosorrns.
1087 419 1150 482 393

79 626 237 705 teneret,
267 613 407 685 inimica
436 640 455 685 a
482 612 626 713 reliquis
653 637 690 684 se
713 626 958 710 segregarunt,
993 616 1152 714 quaein

79 735 263 807 Amicitiae
280 731 414 806 ditione
437 747 569 825 essent,
594 730 776 831 paullatim
798 733 951 806 interae
973 734 1153 809 conciliata

78 859 116 928 in
147 881 266 929 unum
297 855 389 928 coire
416 867 611 952 coeperunt
631 863 670 941 ³3
697 851 825 951 partim
850 854 973 928 similia
995 881 1079 930 cnm
1101 858 1153 929 si-

78 977 222 1051 milibus
243 1003 280 1050 se
299 976 564 1075 congregantia,
587 972 703 1046 dulcia
728 999 813 1048 cum
835 973 1018 1066 dulcibus,
1044 976 1153 1050 calida

78 1125 162 1171 cnm
177 1096 317 1190 calidis,
333 1121 453 1196 aspera
470 1119 554 1167 cum
571 1094 706 1190 asperis
718 1105 751 1188 ⁴3
767 1097 896 1192 partim
916 1077 1058 1171 diversa
1069 1124 1154 1172 cum

78 1219 226 1293 diversis
252 1220 423 1316 temperie
455 1213 610 1316 quadam
636 1217 747 1289 mixta
760 1224 791 1285 ⁵:
816 1214 869 1289 sic
892 1220 955 1290 aia'r
977 1218 1015 1290 in
1040 1233 1154 1293 terrae

78 1342 213 1415 viscera
243 1340 469 1437 penetrarit,
499 1339 590 1436 ignis
620 1338 660 1409 in
687 1339 793 1412 maris
817 1339 995 1436 profunda
1019 1367 1057 1414 se
1080 1343 1153 1415 im-

2 1478 4 1481 ’
78 1460 202 1534 mersit
220 1463 254 1534 ⁶.
304 1461 378 1533 Hac
410 1459 580 1533 mixtione
610 1485 631 1533 e
659 1458 790 1535 divinis
822 1462 961 1534 naturis
990 1461 1156 1536 exstitere

78 1581 259 1672 mortales,
282 1595 402 1656 exorte
425 1596 510 1654 sunt
534 1581 663 1654 mundi
685 1607 829 1680 corpora
853 1596 889 1655 et
910 1581 1007 1658 varia
1031 1608 1156 1656 rerum

2 1725 4 1765 2
79 1729 212 1803 genera
233 1717 308 1776 tam
332 1701 492 1777 coelestia
514 1729 624 1803 qnam
647 1703 826 1776 terrestria
841 1710 873 1794 ⁷,
898 1701 964 1776 alia
989 1685 1154 1802 puriore,

79 1827 145 1899 alia
177 1826 342 1912 crassiore
378 1826 564 1924 temperie,
597 1823 664 1899 alia
696 1825 854 1916 meliora,
873 1822 939 1898 alia
963 1822 1155 1918 deteriora,

79 1947 200 2046 prouti
221 1946 280 2022 vel
301 1947 371 2021 sors
392 1946 451 2021 vel
471 1960 622 2022 naturae
640 1949 695 2023 vis
720 1973 761 2022 ea
780 1948 929 2047 fingeret
943 1950 974 2020 ⁸.
1018 1945 1157 2021 Horum

80 2067 196 2142 multa
218 2070 318 2169 prius
340 2093 464 2142 manca
482 2081 518 2140 et
536 2066 708 2143 deformia
724 2068 909 2167 paullatim
921 2067 1072 2142 Veneris
1088 2093 1155 2168 ope

1 2215 3 2218 ’
79 2191 117 2261 in
144 2189 245 2264 hunc
267 2187 428 2263 ordinem
452 2203 538 2263 sunt
562 2188 786 2289 composita.'’

129 2435 209 2510 Tali
234 2437 311 2509 fere
342 2432 445 2507 modo
475 2431 705 2533 Empedocles
732 2457 855 2506 rerum
879 2449 1000 2510 ortum
1023 2435 1157 2511 adum-

80 2559 199 2633 brasse
229 2556 388 2647 videtur,
420 2580 514 2655 quae
547 2579 648 2629 nunc
677 2554 783 2627 latius
807 2555 1025 2655 explicanda.
1074 2561 1158 2633 Pri-

81 2707 183 2754 mum
202 2675 518 2768 considerabimus,
536 2675 670 2778 quibus
682 2675 880 2752 rationibus
896 2693 932 2752 et
948 2679 1062 2755 modis
1078 2683 1158 2756 uni-

80 2825 182 2876 verse
207 2826 263 2872 res
287 2811 438 2873 naturae
462 2797 667 2872 formentur
690 2813 727 2871 et
747 2812 1014 2893 sustententur3
1038 2829 1158 2901 porro,

80 2949 175 3025 quae
208 2920 253 2996 de
287 2919 415 2994 mundi
445 2918 682 3019 descriptione
715 2933 752 2992 et
782 2919 827 2993 de
859 2920 1006 3020 singulis
1033 2949 1158 2998 rerum

81 3041 272 3145 generibus
297 3039 424 3115 abillo
448 3054 640 3115 memorata
664 3041 885 3140 accepimus,
908 3043 1118 3142 exposituri.

15 3285 17 3294 .
115 3244 122 3290 t
128 3236 157 3299 3)
173 3235 278 3304 Emped.
296 3251 344 3285 vu.
366 3233 410 3286 160
428 3249 484 3304 sqq.

117 3327 158 3390 tlt)
176 3324 248 3377 Idem
266 3341 314 3375 vsa.
335 3322 453 3386 alid-271.

115 3411 157 3479 (5)
176 3414 220 3464 Vr.
240 3429 300 3481 179:
316 3415 390 3484 ζωρὸ
409 3416 444 3466 τὰ
460 3415 528 3484 πρὶν
549 3413 665 3484 ἄκρητα.

117 3503 159 3567 (6)
177 3503 232 3556 Vas.
254 3505 302 3557 203
324 3514 352 3559 et
371 3521 427 3568 207.

116 3597 158 3655 (7)
177 3595 218 3647 Vs.
239 3595 359 3651 ida-135:
380 3599 501 3668 δένδρεά
511 3597 538 3648 τ’
557 3599 730 3671 ἐβλάστησε.
746 3628 753 3645 ·
767 3633 774 3648 ·
790 3603 837 3652 nol
848 3621 879 3655 τε
891 3607 959 3656 θεοὶ
972 3606 1158 3676 deligatorum

116 3685 157 3746 (8)
176 3685 230 3737 Vsa.
251 3685 312 3750 236,
331 3687 390 3752 did:
410 3692 464 3759 ὅπη
485 3693 650 3763 συνέκυρσεν
669 3690 780 3744 ἕκαστα.
1125 3679 1129 3686 ’

547 3890 702 3909 *0*-

579 3923 585 3936 Ι
