2768 4910
291 389 354 450 412
684 403 731 448 nn
757 403 975 452 nurnnocus

249 639 250 642 ,
289 569 424 658 lenius,
463 562 503 636 in
542 565 652 641 altero
693 573 851 646 severius
892 569 1118 669 Empedoclis
1157 575 1336 668 sententiam

288 685 419 787 caipit;
448 689 485 759 in
520 703 676 789 utroque
705 691 893 764 manifesto
917 691 1092 785 ostendit,
1129 690 1232 767 illum
1253 692 1337 768 videri

289 827 440 886 naturae
480 838 678 886 caussam
719 812 990 886 formantem
1026 839 1099 888 non
1138 813 1337 912 explicuisse,

289 934 466 1035 siquidem
491 959 613 1034 neque
637 933 825 1012 elementis
848 935 915 1008 hoc
942 935 1055 1010 tribui
1080 939 1213 1036 possit,
1233 937 1338 1036 quippe

290 1081 384 1156 quae
407 1054 563 1128 naturali
587 1069 729 1129 tantum
756 1071 858 1132 motu
882 1060 1069 1153 ferantur,
1092 1085 1217 1161 neque
1236 1058 1338 1131 Amici-

290 1178 376 1268 tiae,
395 1202 512 1277 quum
530 1175 618 1250 haec
638 1180 807 1254 universe
826 1180 975 1280 quidem
995 1208 1052 1255 res
1067 1182 1272 1280 conjungat,
1287 1203 1337 1250 non

222 1309 225 1320 '
286 1324 376 1376 ¹vero
407 1313 502 1371 certa
532 1300 668 1372 ratione
700 1325 768 1372 nec
799 1301 1016 1376 destinatum
1049 1303 1235 1376 adfinem
1259 1291 1339 1395 (alsi

291 1423 347 1494 aul
370 1422 410 1498 τὸ
437 1417 577 1520 ἀγαθὸν)
599 1445 657 1492 eas
680 1420 861 1494 informet.
912 1424 1007 1496 Haec
1030 1423 1243 1515 Aristoteles,
1265 1420 1339 1519 cujus

291 1557 501 1642 argumenta
524 1541 652 1631 latim,
687 1555 730 1615 ut
757 1540 866 1633 solet,
902 1543 1069 1642 explanat
1092 1544 1297 1642 Philoponus
1314 1543 1339 1611 in

290 1664 559 1742 Commentariis
580 1665 618 1734 in
643 1662 707 1736 hos
735 1662 840 1738 libros
866 1673 925 1742 ⁵³.
972 1669 1027 1738 Ex
1050 1665 1104 1738 his
1124 1666 1290 1738 aestimari
1308 1664 1340 1735 li·

291 1799 361 1878 cet,
388 1778 470 1885 ¹quo
499 1783 581 1882 jure
618 1784 841 1887 Porphyrius
877 1786 1084 1885 Empedocli
1113 1786 1272 1862 tribuerit
1292 1785 1341 1857 tale

291 1907 476 2007 placitum:
503 1911 686 2003 Πορφύρισς
703 1903 742 1982 ἐκ
763 1905 899 1984 συνόδου
920 1910 1006 2003 Φησὶ
1031 1915 1217 1983 τοῦποσοῦ
1238 1911 1341 1984 καὶτοῦ

291 2029 371 2128 πρός
403 2057 437 2104 σι
474 2029 529 2121 σὺν
556 2032 683 2128 γένεσιν
711 2032 804 2132 ’ἐχειν
828 2034 866 2107 τὸ
894 2031 1007 2124 ποιόν,
1030 2029 1139 2130 ὥσπερ
1169 2033 1278 2114 ἄλλοις
1294 2032 1341 2105 orl

293 2155 349 2230 act
368 2150 595 2249 Ἐμπεδοκλεῖ
611 2151 717 2246 δοκεῖ,
742 2153 812 2230 ἀπὸ
836 2157 894 2246 τῆς
919 2153 1152 2253 ἐναρμονίου
1178 2161 1246 2232 τῶν
1262 2183 1344 2228 στοι-

294 2277 414 2377 χείων
435 2274 614 2373 κράσεως
640 2277 708 2366 σᾶς,
726 2276 957 2366 ποιότητας
980 2275 1195 2373 duumuirum
1210 2287 1263 2350 ⁵⁴.
1284 2279 1302 2348 i.
1321 2301 1343 2347 e.

293 2398 545 2497 Empedoclem
584 2397 801 2499 qualitatum
843 2400 918 2472 sive
953 2399 1150 2508 formarum
1189 2400 1345 2472 discrimen

293 2521 450 2616 posuisse
490 2519 530 2592 in
565 2532 646 2618 apta
676 2502 937 2593 elementorum
970 2521 1154 2618 temperie.
1205 2523 1255 2593 De
1274 2543 1347 2608 non·

294 2638 403 2712 nullis
424 2637 584 2738 partibus
605 2638 675 2712 tale
694 2638 783 2740 quid
802 2642 975 2736 statuerit,
990 2640 1092 2717 velut
1109 2641 1155 2714 de
1175 2641 1306 2728 ossibus,
1317 2650 1347 2709 ut

296 2759 400 2834 modo
419 2759 588 2856 vidimus,
610 2761 655 2834 de
677 2760 811 2861 quibus
829 2761 877 2834 ita
897 2752 1129 2836 Themistius:
1152 2757 1347 2846 ducatricis

294 2885 338 2981 τῇ
375 2883 477 2978 ποιᾷ
503 2889 627 2960 τούτων
660 2886 737 2976 (τῶν
774 2883 966 2983 στοιχείων)
1000 2887 1077 2959 aul
1109 2890 1230 2983 πσσῇ
1261 2881 1347 2982 κράσει

295 3010 382 3104 Φησὶ
398 3011 515 3105 ,λέγειν
537 3014 579 3058 ⁵⁵
585 3032 598 3100 3
626 3006 794 3081 universe
817 3006 852 3077 id
874 3031 946 3078 non
969 3005 1150 3104 explicuit.
1201 3006 1266 3080 Sed
1283 3002 1347 3105 quid

296 3130 362 3204 hac
391 3131 436 3204 de
458 3155 498 3202 re
519 3127 668 3202 senserit
694 3125 940 3225 Empedocles,
964 3109 1108 3228 exejus
1133 3131 1284 3202 carmine
1304 3128 1346 3196 in-

296 3253 520 3353 vestigemus.
856 3265 858 3270 '

328 3419 387 3487 (53)
408 3421 483 3474 Unde
495 3421 621 3474 nonnulla
633 3419 777 3490 exprcmsit
790 3419 877 3472 Stura.
890 3417 994 3488 Emped.
1010 3437 1036 3490 p.
1050 3427 1096 3490 ¹94
1108 3439 1160 3492 sqq.
1172 3419 1222 3474 250
1235 3437 1270 3490 sq.
1280 3416 1351 3490 quihus

295 3510 351 3562 sine
370 3510 473 3562 dammo
494 3528 634 3564 careamus.

328 3601 388 3668 (54)
407 3603 481 3672 Apud
501 3603 612 3673 simplic.
629 3606 713 3669 Categ.
735 3601 752 3652 f.
771 3599 801 3662 ίμ
821 3603 847 3652 Β.
866 3603 918 3653 Bas.
935 3599 970 3651 cl.
983 3601 1074 3654 Braud.
1088 3600 1168 3653 Schol.
1182 3602 1287 3669 Aristp.
1298 3599 1320 3649 61
1333 3595 1349 3646 b.

328 3691 387 3758 (55)
402 3691 524 3746 Themist.
542 3695 569 3744 in
588 3690 706 3762 Metaph.
725 3688 808 3742 Schol.
829 3689 940 3742 Brandis.
959 3708 983 3759 p.
1006 3689 1053 3754 587
1072 3690 1098 3756 b,
1119 3690 1198 3742 citans
1218 3685 1351 3757 Empedoclis

296 3799 344 3834 vsa.
364 3799 407 3834 211
429 3799 486 3853 sqq.
