2768 4916
234 395 254 454 6
634 407 682 454 nn
706 408 926 456 enrsnocnss

119 549 122 558 ¹
234 572 382 674 Olymp
399 597 442 670 71
458 572 628 647 victorem
637 573 769 665 fussse,
783 572 1057 648 Eratosthenes
1047 598 1087 646 ιιι
1097 573 1357 678 Olympioni-

236 697 304 788 cis,
320 705 466 768 auctore
483 719 573 766 usus
587 693 788 788 Aristotele,
803 693 941 769 retulit
977 695 1212 795 Apollodorus
1230 727 1354 800 quo·

116 855 119 860 ·
231 843 305 919 qne
323 817 362 888 in
379 813 561 888 chronicis
577 818 729 909 notavit,
748 817 816 889 bac
834 816 1047 916 Olympiade
1066 821 1353 918 Empedoclem

232 937 376 1040 physico
407 937 653 1036 cognominem
684 937 797 1012 celete
832 938 1016 1014 victoriam
1045 955 1242 1040 reportasse
1266 957 1286 992 ¹
1303 928 1350 1023 ¹,

231 1063 327 1136 Cum
354 1057 487 1160 quibus
510 1057 746 1156 comparanda
765 1074 853 1134 sunt
876 1087 971 1160 quae
992 1065 1141 1164 Satyrus
1160 1065 1200 1138 in
1222 1066 1347 1160 vitis,

232 1198 322 1260 teste
341 1183 519 1281 Diogene,
537 1179 691 1280 scripsit:
713 1181 993 1282 »Empedoclem
1010 1187 1186 1260 Exccncti
1205 1185 1347 1261 filium

233 1305 361 1398 fuisse,
383 1316 493 1404 atque
515 1305 637 1402 ipsum
659 1331 807 1406 quoque
825 1329 875 1381 ex
896 1331 933 1380 se
954 1306 1072 1380 filium
1091 1309 1343 1408 Exeenetum

232 1428 435 1528 reliquissc3
458 1439 496 1501 et
515 1425 644 1501 eidem
661 1427 870 1532 Olympiade
889 1442 1029 1528 patrem
1049 1427 1161 1502 celete
1178 1431 1343 1525 vicisse,

177 1565 180 1570 “
231 1550 347 1624 filium
367 1549 481 1642 lucto,
502 1549 560 1627 vel
581 1563 625 1623 ut
642 1548 874 1624 Heraclides
864 1577 904 1623 m
921 1551 1035 1652 Satyri
1054 1552 1213 1626 vitarum
1232 1553 1341 1652 Epi-

232 1686 327 1746 tome
357 1671 460 1764 dicit,
490 1696 602 1746 cursu
636 1683 691 1746 ¹².
696 1670 717 1706 ’'
766 1672 870 1750 Haec
892 1695 1118 1778 quemquem
1146 1673 1338 1773 Diogenes

161 1859 163 1866 ,
231 1797 280 1872 ita
313 1807 435 1869 narrat
464 1796 566 1895 qussi
598 1792 644 1869 de
675 1777 891 1894 Empedocle
917 1793 1063 1896 physico
1092 1794 1203 1868 relata
1230 1796 1333 1906 sint,

230 1933 353 1992 tamen
385 1945 442 1994 res
473 1932 510 1993 et
540 1910 673 1994 nomen
706 1918 787 1992 satis
821 1919 998 2011 indicant,
1035 1916 1139 1991 sd
1108 1943 1187 2017 eyus
1209 1945 1334 1994 avum

228 2041 609 2146 pertinere123quum
622 2042 791 2144 physicsis
802 2043 966 2116 omnium
980 2065 1158 2116 consensu
1170 2040 1333 2114 Metonis
1377 2061 1381 2068 ·

229 2159 324 2236 filius
347 2164 492 2241 habitus
513 2168 571 2260 sit,
584 2167 697 2267 'isque
714 2165 754 2236 in
775 2164 843 2238 alio
864 2163 982 2264 potius
1001 2189 1115 2263 quarn
1133 2161 1329 2262 equitandi

231 2283 349 2358 studio
369 2286 514 2363 laudem
533 2301 685 2388 poneret
707 2301 743 2362 ct
764 2285 1006 2362 celebritatem
1024 2298 1225 2386 quaereret.
1249 2283 1328 2358 Sed

230 2404 295 2476 ista
320 2431 557 2505 personarum
579 2411 742 2484 confusio
765 2422 893 2484 utrum
915 2409 960 2480 sit
980 2409 1103 2509 Satyro
1125 2403 1327 2480 tribuenda

230 2549 278 2595 cn
308 2527 477 2638 Diogeni,
509 2532 575 2631 qni
609 2529 705 2604 illius
738 2529 830 2602 dicta
852 2528 1093 2629 negligentius
1113 2526 1239 2626 legerit
1261 2525 1355 2601 vel·

228 2671 359 2742 pssum
383 2664 568 2743 accurate,
591 2663 635 2723 ut
655 2651 842 2724 interdum
864 2649 971 2750 solet,
993 2650 1227 2748 excerpserit,
1258 2651 1325 2722 in-

229 2781 370 2842 certum
384 2781 439 2842 ²4.
491 2771 567 2844 Hoc
588 2785 730 2845 certum
747 2783 819 2862 est,
843 2770 974 2845 multos
996 2784 1115 2868 postes
1135 2771 1324 2870 Empedo-

164 3015 168 3025 .
263 2952 288 3017 (ι
296 2953 320 3018 r)
338 2951 444 3022 Diogen.
453 2953 541 3008 Laert.
552 2955 613 3006 ibid.
623 2972 643 3006 s.
655 2953 683 3005 51
698 2964 724 3004 ct
734 2953 775 3009 52.
794 2953 894 3004 Ultimis
906 2951 983 3019 hujus
991 2951 1078 3003 verbis
1087 2951 1245 3004 lerevitium
1257 2954 1322 3005 sub-

230 3057 285 3094 esse
297 3041 407 3096 ridetur.
428 3043 562 3111 Leguntur
573 3045 646 3104 haec:
660 3046 674 3097 ὅ
686 3046 719 3099 δὲ
729 3046 843 3116 πρώτην
853 3047 902 3096 sci
911 3043 1127 3112 ἑβδομηκοστὴν
1135 3039 1321 3108 Ὀλυμπιάδα

229 3135 377 3202 νενικηκὼς
385 3137 489 3206 κέλητι,
499 3137 602 3191 τούτου
614 3142 723 3199 πάντως
731 3129 765 3207 ἦν
774 3139 926 3204 ὁμώνυμος,
940 3138 974 3198 ὥς
984 3135 1016 3190 c'
1026 3139 1084 3201 ἅμα
1096 3137 1145 3186 καὶ
1157 3137 1205 3188 τὸν
1218 3133 1327 3206 χρόνοι

232 3226 287 3278 ὑπὸ
303 3232 352 3280 τοῦ
369 3225 588 3302 ’Λπολλοδώριυ
603 3239 802 3302 cccccccccc.
820 3232 870 3282 Pro
887 3229 972 3284 inutili
983 3245 1049 3283 voce
1060 3231 1169 3287 πάντως
1181 3228 1321 3294 legendnm

147 3303 151 3312 ⁸
231 3335 323 3372 censeo
333 3325 430 3378 πάππα
417 3344 454 3384 ο.ς
478 3325 553 3384 Quod
562 3333 648 3378 sutem
657 3327 790 3395 llenegius
802 3321 1034 3395 ἔβιῖομηιιιστὶγκΙ
1027 3337 1053 3372 ιιι
1065 3323 1216 3389 ἑξηκοστὴν
1224 3321 1321 3372 mutari

231 3411 321 3474 voluit,
334 3415 404 3466 nulla
416 3423 455 3468 est
467 3433 543 3468 causa
552 3431 601 3468 cur
609 3417 749 3486 probetur.

265 3503 322 3570 (si)
339 3504 398 3560 vid.
407 3505 573 3572 Diogenesb.
585 3506 646 3558 ibid.
657 3525 676 3559 ι.
690 3507 730 3560 53.
747 3507 964 3578 lindociap.169.·

264 3593 321 3661 (ιδ)
337 3596 389 3647 Ut
380 3613 432 3663 ysne
440 3597 540 3649 tasin.
548 3598 678 3650 essese.
686 3599 714 3651 Τ.
725 3601 807 3668 ΠΜ).
821 3595 1214 3662 stnbodwetl..dsset.1³hstar.
1227 3613 1320 3664 peso,

232 3686 353 3751 Bnnsmy,
365 3695 392 3738 et
405 3688 488 3754 bayle,
496 3689 522 3740 lt
531 3686 558 3738 ll.
571 3687 656 3740 Sturz.
664 3687 771 3758 Emped.
782 3706 806 3758 p.
820 3687 835 3740 5
848 3697 875 3741 et
887 3689 916 3740 16
925 3687 1046 3740 arbitrati
1058 3694 1126 3738 sunt.

177 3799 179 3804 ·
264 3774 323 3838 (ill
339 3774 464 3842 Diogenes
475 3795 527 3830 non
538 3793 599 3830 raro
612 3777 639 3828 in‘
651 3779 781 3846 excerptis
793 3777 977 3848 componendis
986 3775 1127 3828 admodum
1138 3776 1247 3830 confuse
1258 3779 1318 3842 egit.

210 3941 211 3944 Ἴ
233 3867 275 3918 Sic
293 3865 382 3935 paullo
401 3867 533 3936 superins,
555 3878 693 3938 postquam
714 3886 748 3921 ex
768 3870 940 3924 Eratosthene
964 3867 1090 3928 narrarit,
1117 3883 1146 3928 71
1170 3867 1319 3934 Olympiade

234 3959 345 4015 Metonis
360 3967 462 4028 petrem
479 3959 585 4020 vicisse,
602 3959 689 4012 statim
702 3958 825 4029 deinceps
838 3959 912 4014 addit
922 3977 943 4010 s.
956 3957 1005 4010 52:
1029 3957 1241 4028 Ἀπολλόδωρος
1258 3959 1318 4016 dli

234 4059 425 4123 γραμματικὸς
436 4058 465 4108 ἐν
474 4066 533 4116 τοῖς
544 4065 680 4126 χρονικοῖς
688 4056 782 4122 φησὶν,
792 4051 827 4111 ὡς
834 4041 868 4119 ἦν
877 4053 1008 4112 Μέτωνος
1017 4052 1067 4118 μὲν
1076 4055 1142 4112 υἱός.
1153 4052 1233 4112 Οιιιο
1244 4050 1317 4104 facile

234 4147 269 4198 sic
281 4146 451 4215 intelligeres,
471 4149 543 4219 qussi
555 4166 569 4202 e
583 4147 712 4201 sententis
725 4144 876 4214 Apollodori
885 4145 996 4199 Metonis
1013 4144 1081 4226 lilius
1098 4143 1166 4200 hanc
1183 4142 1316 4200 victoriam
