2768 4916
199 350 217 414 8
276 363 279 372 ’
594 361 644 412 un
666 359 885 410 sunnonem

136 503 140 510 ⁸
200 527 450 620 Eratostheni,
478 522 747 626 Olympiodoro,
775 505 841 624 qui
870 551 959 619 avo,
991 552 1038 600 an
1069 524 1290 623 acrioribus,

200 648 417 742 Phavorino,
446 646 631 720 Athenaeo
660 645 928 746 similibusque,
956 647 1022 746 qui
1050 648 1171 748 nepoti
1198 649 1292 726 lau-

199 799 299 848 ream
315 765 519 869 assignant?
548 767 625 841 Gur
637 791 723 842 vcro
740 767 837 842 illius
850 767 929 844 laus
945 770 984 841 in
999 767 1100 844 hunc
1115 770 1290 846 translata

198 897 264 985 sit,
288 917 413 968 caussa
432 889 536 964 facile
556 888 645 964 haec
669 890 802 983 fuerit,
825 889 924 990 quod
949 888 1115 992 physicus
1132 895 1292 993 'Empe-

197 1016 315 1092 docles
343 1015 419 1114 ipse
440 1016 528 1089 item
552 1011 739 1114 Olympiae
761 1012 871 1104 finisse
895 1011 1020 1112 ibique
1042 997 1207 1088 omnium
1221 1041 1291 1090 ora

198 1143 237 1212 in
257 1165 295 1213 se
318 1137 534 1215 convertisse
556 1135 710 1236 legitur,
733 1148 770 1211 et
791 1133 889 1236 quod
911 1159 1035 1210 recens
1052 1135 1193 1234 nepotis
1211 1161 1290 1210 no-

195 1245 312 1334 bilitas
327 1271 573 1334 senescentem
588 1258 648 1337 avi
662 1259 870 1351 memoriam
883 1256 1135 1333 obscuraverit.
1174 1258 1291 1352 Quod

197 1395 320 1456 autem
352 1380 398 1454 ad
428 1379 525 1454 illam
557 1381 629 1454 ficti
654 1377 755 1458 bovis
775 1379 1053 1455 immolationem
1068 1381 1219 1473 attinet,
1244 1381 1290 1455 id

176 1502 297 1578 rhaud
326 1501 437 1578 dubie
465 1501 509 1576 ad
536 1501 725 1605 physicum
750 1500 1006 1601 Empedoclem
1036 1515 1190 1602 spectat,
1217 1505 1291 1604 qui
1364 1499 1373 1516 '

196 1623 307 1725 vulgo
322 1624 567 1725 Pythagoreus
582 1624 726 1699 habitus
741 1638 813 1720 est3
832 1621 878 1696 ab
894 1649 960 1701 avo
977 1605 1062 1700 vero
1079 1621 1157 1722 ejus
1176 1624 1290 1724 plane

196 1745 357 1821 alienum
377 1761 447 1841 est,
466 1744 537 1820 nisi
557 1746 650 1822 forte
672 1745 795 1820 lubeat
817 1741 919 1821 hunc
939 1761 1086 1848 quoque
1108 1746 1289 1848 Pythago-

91 1895 94 1901 ·
196 1856 266 1942 reis
299 1866 558 1960 adnumerare,
594 1868 688 1942 siout
723 1867 892 1944 nonnulli
928 1867 1090 1945 arbitrati
1123 1883 1209 1942 sunt
1225 1876 1286 1942 ¹⁷.
1337 1869 1340 1874 ’

103 2012 104 2016 ’
133 2030 139 2040 ·
196 1990 368 2064 Ceterum
388 1989 535 2064 resista
556 2001 684 2064 utrum
705 2015 790 2067 vera
819 1991 887 2086 sit,
906 2016 955 2066 an
981 1993 1059 2066 ficta
1081 1991 1126 2065 ad
1149 1991 1287 2094 Pytha·

195 2137 301 2210 garae
330 2109 563 2211 exemplum,
592 2137 704 2212 quem
725 2140 747 2184 a
767 2113 997 2188 victimarum
1013 2112 1126 2209 ‚caede
1148 2112 1288 2188 abhor-

195 2233 311 2309 ruisse
336 2246 493 2326 constat,
520 2234 702 2310 incertum
723 2239 785 2330 ²⁸3
812 2235 879 2308 eui
902 2233 1109 2328 fatendum,
1135 2261 1214 2310 eam
1236 2234 1288 2310 ab

197 2347 420 2453 Empedoclis
436 2353 572 2455 placitis
588 2355 822 2458 moribusque
832 2380 1066 2455 nequaqnam
1077 2355 1281 2432 abliorrere.

591 2633 595 2640 '
702 2645 780 2728 §n

245 2835 345 2922 Haec
366 2848 412 2922 de
434 2852 659 2950 Empedoclis
680 2874 827 2953 genere3
848 2853 918 2952 jam
938 2851 983 2924 de
1002 2852 1081 2950 ejus
1097 2865 1212 2944 aetate
1226 2855 1287 2954 ,vi-

198 2965 372 3046 dendum.
425 2973 508 3064 Qua
528 2975 564 3047 in
588 3000 629 3048 re
652 2973 749 3049 idem
769 2975 856 3048 huic
879 2973 1024 3068 accidit,
1043 2973 1141 3074 quod
1162 2973 1289 3048 multis

199 3091 479 3189 antiquioribus,
499 3095 540 3166 iis
555 3097 765 3194 praesertim
777 3097 843 3197 qui
860 3121 933 3169 non
950 3096 1025 3195 ipsa
1040 3091 1203 3188 Graecia,
1222 3095 1289 3168 sed

195 3212 239 3312 'in
254 3214 385 3286 exteris
400 3215 623 3314 regionibus,
638 3215 737 3290 Italia
748 3230 786 3290 et
798 3217 932 3313 Sicilia,
949 3219 1091 3311 vixere,
1104 3231 1288 3291 uteorum

202 3356 259 3405 res
288 3348 325 3406 et
354 3349 516 3435 tempora
537 3337 640 3415 valde
662 3339 871 3438 perturbata
893 3344 976 3416 sint.
1020 3343 1111 3435 Quis
1131 3343 1288 3441 ignorat,

200 3469 290 3554 quot
311 3457 492 3532 erroribus
513 3459 669 3559 exempli
690 3464 800 3561 gratia
824 3463 1035 3560 Phalaridis,
1055 3462 1288 3565 Pythagorae,

201 3577 434 3679 Xenophanis
457 3582 616 3682 tempora
638 3585 710 3658 sint
727 3581 921 3684 implicita?
968 3582 1073 3656 Idem
1090 3579 1287 3654 dicendum

236 3820 294 3886 (¹7)
311 3821 449 3874 Harlesf'ru
460 3820 562 3876 Fabric.
574 3821 638 3876 Bibl.
649 3823 694 3876 Gr.
705 3825 740 3889 11,
753 3838 796 3887 1a;
809 3821 836 3874 Τ.
847 3825 907 3892 1,,ρ.
917 3821 976 3876 aaa.
987 3771 1072 3875 Stnrd.
1084 3823 1158 3890 Emp.
1172 3837 1199 3889 p.
1210 3821 1240 3872 16
1248 3837 1288 3891 sq.

234 3912 291 3978 (18)
308 3911 347 3964 Dc
368 3929 422 3982 quo
442 3913 562 3966 victimae
574 3929 669 3981 genere
679 3911 729 3966 vid.
743 3911 893 3964 Olearluain
904 3912 1024 3966 Phuutr.
1039 3913 1084 3966 rit.
1095 3912 1214 3981 Apollon.
1228 3913 1250 3975 1,
1263 3921 1284 3972 13

116 4007 117 4011 ’
177 4019 180 4025 ·
202 4010 256 4054 not.
272 4020 315 4072 19;
325 4005 427 4057 Barnea.
437 4004 463 4054 in
471 4004 559 4074 Eurip.
571 4007 628 4059 Ion.
638 4021 675 4057 va.
686 4019 733 4068 aaa
743 4024 750 4068 ;
762 4004 846 4057 Stura.
855 4006 930 4072 Erup.
942 4021 968 4080 p,
981 4002 1011 4056 15
1020 4020 1059 4072 aq.
1077 4001 1182 4061 mutter.
1193 4002 1285 4064 Dares,

199 4091 225 4143 P.
240 4095 259 4155 1,
275 4111 301 4162 p.
313 4093 361 4158 314
372 4111 410 4164 aq.
634 4129 638 4138 -
