2768 4910
467 381 706 459 amaseorum.
1059 397 1122 460 ³67

61 573 240 666 affirmare,
257 585 394 646 motum
414 597 500 648 vero
514 571 619 646 modo
635 597 725 664 esse,
742 570 845 646 modo
863 596 935 646 non
952 597 1026 648 esse
1042 600 1127 650 oon·

60 695 216 788 tendere3
249 709 369 770 contra
403 721 547 770 necesse
578 720 673 792 esse,
709 696 739 768 si
768 708 910 794 tempus
938 707 1126 770 aeternum

60 820 115 911 sit,
141 833 279 892 motum
304 842 451 920 quoque
480 818 740 915 sempiternum
765 842 856 892 esse:
892 819 919 892 ei
941 815 971 894 δ’
991 815 1083 893 ἐστὶν
1108 819 1125 893 ὁ

61 941 168 1040 χρόνος
193 937 343 1031 κινήσεως
365 937 498 1038 ἀριθμδς
523 939 542 1032 t
565 940 681 1028 κίνησίς
704 970 775 1034 τις,
809 936 896 1038 etro
924 940 992 1017 tet
1020 941 1128 1040 χρό-

60 1089 117 1143 voc
151 1060 264 1155 iuria,
298 1060 431 1166 ἆκάγκη
465 1064 522 1136 aa>
559 1066 735 1152 κίνησιν
768 1061 921 1140 ἀΐδιον
955 1059 1127 1142 εἶναιῑῦὅ.

60 1185 192 1259 Rectius
216 1182 365 1284 quidem
387 1184 453 1258 bae
476 1183 522 1258 de
543 1211 583 1260 re
610 1185 860 1285 Empedoclem
874 1185 1045 1284 judicasse
1066 1186 1126 1260 di-

57 1307 100 1377 'cit
127 1333 238 1406 wem
274 1306 375 1400 alios,
407 1304 562 1405 exempli
599 1305 733 1404 gratia,
767 1308 1032 1406 Anaxagoram,
1061 1310 1128 1409 qui

61 1427 264 1504 universum
283 1453 348 1526 per
368 1429 552 1501 infinitum
570 1441 713 1526 tempus
730 1429 905 1528 quievisse
925 1427 1028 1520 dixit,
1045 1435 1127 1504 tum

60 1561 170 1620 autem
192 1545 311 1621 subito
334 1551 463 1624 mentis
484 1548 698 1650 impulsione
716 1563 932 1622 commotum
952 1575 1040 1622 esse:
1061 1549 1127 1624 hoc

60 1670 146 1742 enim
171 1682 225 1742 est
253 1669 328 1745 vim
351 1671 468 1746 faeere
490 1687 655 1764 naturae3
682 1669 911 1769 Empedocles
932 1685 1027 1744 certe
1050 1695 1124 1742 or-

60 1789 200 1866 dinem
225 1791 409 1892 quendam
429 1793 590 1886 induxit,
610 1809 766 1868 attamen
787 1794 825 1865 in
840 1818 882 1866 eo
898 1791 1127 1892 reprehendit
1157 1813 1165 1826 ¹

60 1911 172 2004 illum,
194 1912 308 2013 quod,
330 1939 423 2015 quae
444 1915 650 1988 mutationis
672 1915 773 1988 istius
795 1935 916 1988 caussa
935 1915 980 1986 sit
1001 1925 1039 1986 et
1059 1937 1125 1988 cur

60 2033 257 2134 aequalibus
290 2036 460 2136 temporis
486 2035 681 2126 intervallis
703 2035 759 2134 (δι’
781 2034 861 2114 ’ἰσων
886 2036 1024 2136 χρόνων)
1046 2037 1127 2128 fiat,

60 2179 123 2227 non
145 2155 374 2254 explicuerit,
393 2160 536 2231 tantum
560 2155 713 2251 dixerit,
734 2159 782 2233 ita
802 2174 953 2233 naturae
972 2181 1128 2232 consen-

60 2288 196 2351 taneum
223 2303 300 2352 esse
324 2278 424 2372 (οὕτω
444 2281 590 2380 πέφυκε)
614 2279 671 2354 rel
697 2282 745 2353 ita
768 2281 971 2354 necessitate
993 2278 1127 2352 consti-

60 2409 172 2470 tutum
186 2399 225 2445 ¹⁶
232 2401 267 2475 ⁶.
317 2401 413 2476 Haec
439 2398 658 2496 Aristoteles3
677 2403 742 2504 qui
764 2402 927 2502 qtmmvis
949 2399 1125 2477 subtiliter

60 2519 271 2619 Empedoclis
293 2523 418 2622 placita
437 2526 634 2615 examinet,
655 2523 701 2598 ab
723 2524 818 2599 illius
836 2538 955 2598 tamen
977 2537 1125 2596 senten-

59 2636 100 2710 tia
132 2656 168 2715 et
201 2659 323 2720 mente
356 2643 538 2721 deflexisse
564 2645 718 2724 videtur.
782 2645 873 2720 Nam
902 2642 1005 2718 ambo
1038 2642 1125 2718 haec

60 2759 207 2858 decreta,
244 2781 420 2866 tempus
455 2782 688 2842 aeternum
724 2794 834 2860 esse,
876 2783 1043 2841 motum
1080 2779 1124 2840 et

59 2883 246 2979 quietem
268 2889 465 2982 variari,
485 2915 707 2990 quamquam
722 2889 828 2980 ducta
842 2915 888 2962 ex
906 2887 1124 2987 Empedoclis

60 3004 184 3102 verbis,
214 3007 258 3082 ab
282 3011 358 3106 ipso
377 3024 497 3084 tamen
519 3009 758 3084 demonstrata
780 3036 853 3083 non
874 3023 969 3084 sunt
1018 3008 1124 3080 Prius

59 3129 196 3223 quidem
219 3130 350 3205 borum
371 3131 474 3206 liceat
495 3131 640 3206 fortasse
665 3130 711 3206 ob
729 3130 878 3205 tacitum
899 3127 1124 3231 physicorum

60 3273 262 3328 consensum
277 3251 439 3352 probari,
458 3253 611 3340 alterum
628 3254 710 3354 plus
733 3253 838 3327 habet
855 3253 1121 3328 controversiae.

61 3367 110 3440 ab
121 3373 305 3448 Aristotele
320 3375 360 3446 in
372 3375 439 3448 hoo
454 3376 613 3450 dissentit
625 3375 820 3467 Eudemus,
835 3376 900 3474 qui
916 3373 1009 3465 dicit,
1019 3371 1123 3471 quie-

61 3500 125 3562 tem
138 3495 339 3568 secundum
356 3495 606 3594 Empedoclem
624 3496 783 3570 obtinere
800 3498 838 3568 in
855 3495 1019 3595 sphaera,
1036 3519 1122 3592 reg-

61 3626 158 3686 nante
174 3616 353 3710 Amicitia,
365 3631 504 3691 motum
516 3641 657 3710 rursus,
675 3617 913 3694 invalescente
927 3601 1120 3688 Discordia:

61 3728 196 3830 Εὔδημος
209 3734 246 3813 δὲ
263 3738 320 3828 τὴν
336 3737 502 3829 ἀκινησίαν
519 3737 551 3814 ἓν
571 3743 614 3837 τῇ
629 3744 686 3830 τῆς
701 3741 813 3821 Φιλίας
829 3737 1020 3837 ἐπικρατείᾳ
1031 3728 1122 3839 ecrit

62 3853 111 3930 vta
130 3865 265 3960 σφαῖρον
293 3859 493 3964 ἐκδέχεται,
522 3861 659 3940 inedita
685 3861 822 3940 teau-m
844 3857 1014 3960 συγκριθῇ·
1038 3917 1048 3936 .
1074 3917 1083 3934 .
1110 3916 1121 3938 ,.

90 4025 271 4094 (165)Αιίειοι.
290 4031 351 4085 ibid.
370 4050 398 4104 p.
419 4035 468 4087 320
488 4039 516 4090 Α.

91 4114 155 4185 (166)
170 4121 272 4178 araas.
293 4123 310 4176 1.
329 4125 345 4179 ι.
364 4141 389 4195 p.
412 4123 460 4178 sao
475 4125 549 4205 n-u.
567 4125 600 4177 οῖ.
617 4124 729 4196 empne.
748 4125 774 4177 tn
788 4123 865 4191 says.
883 4121 900 4174 f.
918 4136 965 4187 272
987 4121 1014 4185 a,
1033 4117 1079 4184 273
1093 4118 1121 4172 a.
