2768 4910
461 415 702 464 annosorum.
1058 399 1121 463 409

61 587 159 658 nitur.
191 581 372 676 Quomodo
389 581 499 674 enim,
512 595 555 656 ut
564 579 759 654 Aristotelis
775 594 857 654 utar
870 579 1004 670 verbis,
1021 605 1122 653 mens

61 705 222 804 dignoscet
250 705 370 778 Deum
399 716 437 776 et
462 702 663 793 hominem,
690 726 835 776 carnem
865 715 901 774 et
930 727 1021 789 ossa,
1054 703 1124 772 nisi

62 825 188 924 proprid
213 823 390 924 cujusque
414 824 529 898 forma
557 838 594 899 et
616 821 752 922 figunt?
770 830 812 874 ⁴⁵
832 847 943 922 quem
964 820 1024 894 ille
1046 849 1125 898 σνν-
1177 834 1180 865 ¹

63 945 161 1028 (ἐοεονς
189 947 263 1024 sive
287 949 404 1042 μίξεως
426 947 545 1047 λόγον,
578 947 663 1021 item
688 947 788 1045 λόγον
813 947 869 1020 κον)
895 941 1046 1022 σύνθεσιν·
1061 960 1126 1018 aut
1182 958 1187 1009 ἰ

62 1071 248 1170 simpliciter
282 1070 382 1170 λόγον
414 1070 579 1171 appellat.
631 1071 674 1142 ln
703 1095 776 1168 qua
811 1068 1018 1168 quaestione
1052 1064 1126 1140 duo
1188 1079 1192 1132 t

62 1192 315 1288 consideranda,
334 1209 371 1268 et
393 1194 513 1293 ipsum
534 1193 732 1291 generatim
752 1191 971 1291 principium
992 1202 1030 1262 et
1045 1214 1126 1288 pro-

61 1315 147 1410 prius
177 1314 355 1415 cujusque
381 1316 522 1415 generis
545 1312 657 1412 λόγος.
708 1313 785 1386 Ηοο
811 1313 922 1416 igitur
946 1309 1128 1413 Empedo-

63 1433 120 1508 cles
144 1437 340 1535 suspicatus
371 1436 519 1536 quidem
549 1449 610 1510 est·
631 1448 667 1508 et
687 1435 818 1533 tetigit,
841 1458 915 1506 non
940 1457 1025 1508 vero
1044 1459 1127 1531 per-

62 1558 161 1654 spexit
188 1582 311 1658 neque
343 1556 535 1658 explicuit:
569 1572 613 1631 ut
644 1557 724 1656 jure
754 1557 795 1629 in
823 1582 910 1630 eum
939 1554 1008 1628 dici
1039 1579 1127 1652 pos-

62 1675 99 1748 sit
131 1678 223 1778 quod
256 1679 426 1755 universe
460 1678 505 1752 de
532 1669 698 1756 veterurn
732 1676 960 1780 physicorum
991 1676 1129 1748 ratione

63 1798 299 1875 animadvertit
327 1799 546 1893 Aristoteles,
573 1800 618 1875 de
653 1814 804 1878 naturae
835 1797 1020 1898 principiis
1051 1796 1127 1869 dis·-

63 1933 191 2015 putans:
225 1920 291 2001 ricc
323 1923 486 2020 εἰρημένας
523 1919 555 1996 ἓν
592 1927 660 2003 τοῖς
695 1926 849 2018 φυσικοῖς
884 1921 991 2000 ciriae
1024 1919 1130 2014 ζητεῖν
1164 1923 1193 1984 3¹
1211 1895 1299 2002 aps
1310 1906 1324 1961 i

62 2037 371 2136 itineratione„
399 2102 408 2120 .
435 2102 443 2120 .
471 2043 549 2118 ἀλλ’
574 2043 725 2141 ἀμυδρῶς
762 2045 901 2126 τούτων·
933 2046 989 2118 κο)
1013 2044 1130 2140 τρόπον

63 2164 111 2255 μέν
130 2195 199 2241 rire
220 2170 334 2242 νοοῖοοοο
353 2168 405 2266 (ci
427 2167 553 2267 ἀρχοὶ)
580 2167 731 2264 πρότερον
759 2164 916 2263 ε’ἰρηντοον,
945 2166 1062 2264 τρόπον
1094 2162 1132 2241 δέ

63 2314 124 2360 rou
142 2287 298 2386 οὐδαμῶς.
323 2287 548 2386 ψελλὶζομένη
565 2289 635 2388 γορ
656 2291 755 2364 ἐὀνκεν
775 2291 794 2378 ἡ
812 2285 922 2386 πρώτη
940 2290 1131 2383 Φιλοσοφία

63 2413 125 2508 περ)
155 2411 307 2506 πάντων,
338 2410 401 2488 dire
431 2421 488 2488 νέοο
526 2440 564 2486 τε
591 2413 653 2504 κον)
688 2411 766 2488 κατ’
801 2411 919 2514 ἀρχᾶς
954 2403 1040 2487 odra
1071 2411 1130 2486 ⁴⁶.

62 2532 205 2609 »Omnes
237 2537 429 2614 veteriores
454 2537 499 2610 de
525 2551 677 2610 naturae
706 2536 838 2610 caussis
864 2535 1133 2623 disseruerunt,

62 2652 112 2725 sed
141 2670 315 2759 tanquam
350 2657 609 2751 balbutientes,
643 2673 683 2732 ut
714 2661 752 2731 in
786 2657 936 2766 infantia
972 2654 1133 2755 philoso-

63 2772 190 2869 phiae:”
207 2778 342 2880 quibus
358 2777 447 2853 haee
460 2778 625 2880 deinceps
642 2779 687 2853 de
699 2768 914 2878 Empedocle
931 2778 1042 2852 addit:
1061 2774 1134 2852 ἐπεὶ

63 2898 110 2970 κον)
125 2897 354 3002 ’Ἐμπεδοκλῆς
377 2902 495 2978 ὀστοῦν
519 2900 574 3000 τῷ
602 2901 714 3003 λόγῳ
738 2903 841 2996 φησὶν
861 2896 949 2976 sivae·
967 2909 1067 2974 τοῦτο
1094 2899 1133 2976 tt

62 3014 174 3121 (λόγος)
196 3021 274 3099 ἐστὶ
301 3025 340 3099 τ)
363 3025 403 3098 ri
419 3015 461 3115 η”ν
488 3019 592 3100 ciuus
617 3026 714 3114 κοοὶὴ
742 3025 865 3099 οὐν-ἴον
885 3031 944 3097 τοῦ
966 3020 1134 3122 πράγμα-

63 3163 118 3222 tos·
140 3144 233 3222 ἄλλὶο
254 3147 317 3244 μην
340 3147 455 3242 ὁμοίως
481 3145 661 3246 οἰνοιγκοοΐον
681 3149 739 3222 κον)
761 3145 881 3244 cepada
905 3146 962 3220 κον)
984 3144 1133 3225 τῶνᾶλ-

65 3275 117 3339 λων
147 3267 296 3345 ἑκάστου
331 3265 412 3344 εἶναί
443 3300 518 3346 οννοο
549 3271 671 3371 λόγον,
701 3269 721 3362 ἰ)
748 3267 891 3366 μηθενός·
917 3325 926 3344 .
953 3327 961 3342 .
987 3325 997 3344 .
1022 3275 1135 3341 τοῦτον

66 3385 159 3468 ἄλλον
190 3397 252 3488 μὲν
284 3401 442 3492 λέγοντος
479 3395 661 3490 συνέφησεν
692 3391 733 3469 ἂν
764 3395 796 3494 (ὁ
824 3389 1066 3489 Ἐμπεδοκλῆς)
1097 3387 1134 3480 ἐξ

65 3508 220 3614 ἀνάγκης,
242 3524 361 3615 σοφῶν
379 3517 418 3596 δὲ
440 3523 497 3593 οὐκ
518 3515 620 3617 ἐίρηκε
633 3525 687 3591 ⁴⁷.
740 3516 1006 3591 Nonnullarum
1024 3518 1135 3615 igitur

65 3658 175 3720 rerum
202 3641 435 3740 Empedocles
463 3624 596 3715 certam
626 3665 701 3714 esse
730 3639 1017 3738 compositionem
1046 3661 1135 3736 per·
1248 3702 1250 3706 .

93 3863 145 3932 ((5)
164 3868 269 3921 Aristot.
291 3868 325 3921 de
346 3869 429 3921 enim.
450 3871 464 3920 I
476 3909 483 3934 ‚
504 3869 527 3922 5.
550 3887 576 3938 p·
600 3873 651 3933 (8(
670 3872 710 3922 C„

92 3953 145 4022 ((6)
163 3957 236 4011 Idem
256 3956 370 4028 Metsph.
394 3961 423 4022 1,
443 3974 465 4022 7.
485 3959 581 4028 9:656
599 3958 675 4028 (65¹4)
695 3963 728 4012 H.

93 4045 146 4111 ((7)
165 4046 231 4099 ibid.
248 4063 304 4116 pag.
318 4065 355 4118 sq,
368 4048 478 4101 Secutus
488 4065 545 4100 turn
557 4048 617 4102 lect.
631 4047 753 4112 aetheri,
763 4057 872 4120 excepto
889 4047 960 4118 quod
979 4052 1042 4100 τινὰ
1057 4049 1138 4116 λόγον

67 4131 145 4202 scripsi
163 4153 212 4205 pro
232 4141 280 4190 τὸν
298 4138 393 4208 λόγου
405 4136 522 4190 similiter
538 4137 571 4190 dc
588 4141 634 4192 An.
651 4140 700 4200 1,(
716 4140 793 4202 (infra
808 4156 834 4208 p.
849 4139 925 4210 (νιν)
941 4143 969 4194 ἐν
986 4142 1056 4212 λόγῳ
1073 4147 1138 4194 τινί.
