2768 4910
219 367 306 458 386
635 417 683 466 un
706 415 923 466 nurnuocms

240 577 368 652 mundi
394 581 502 654 facies
528 596 623 654 certo
648 581 771 654 ordine
796 580 862 654 sibi
886 579 1126 654 succedentes.
1178 582 1308 676 Agnos-

238 699 353 772 cimus
376 701 414 772 in
441 701 507 776 hoc
533 706 732 802 priscorum
758 706 945 802 poetarum
968 701 1155 792 rationem,
1180 705 1244 801 qui
1263 703 1305 774 si-

239 819 371 895 militer
405 851 425 896 a
460 824 546 898 chao
571 839 721 914 terram,
757 837 895 897 aterra
920 821 1079 916 coelum,
1104 823 1190 896 inde
1211 849 1306 898 omne

239 941 389 1016 deorum
410 960 446 1018 et
469 945 670 1020 mortalium
695 971 810 1046 genus
832 944 1050 1044 repetebant.

287 1065 386 1137 Num
415 1081 536 1140 tamen
564 1066 795 1165 Empedocles
822 1065 952 1140 mundi
983 1066 1157 1166 originem
1184 1080 1223 1138 et
1247 1092 1306 1139 na-

237 1198 358 1257 turam
393 1213 517 1262 revera
549 1187 616 1262 hoc
646 1187 770 1262 ordine
801 1212 1020 1286 progressam
1044 1211 1118 1260 esse
1144 1187 1304 1279 voluerit,

239 1331 284 1375 an
318 1310 457 1404 poetico
490 1309 658 1408 figmento
688 1312 838 1410 cogitata
866 1336 931 1383 sua
960 1310 1160 1401 ornaverit,
1191 1311 1306 1383 merito

237 1426 436 1504 dubitetur.
488 1431 595 1523 Sane,
635 1432 662 1501 si
701 1433 843 1528 proprie
876 1429 1019 1504 locutus
1049 1430 1111 1520 sit,
1142 1431 1219 1529 ipse
1251 1429 1305 1502 sibi

235 1574 364 1646 parum
405 1565 594 1650 congruat:
636 1555 665 1624 si
700 1552 797 1624 euim
828 1564 971 1624 aeterua
1003 1563 1089 1622 suut
1121 1549 1306 1642 elementa,

235 1683 279 1742 ut
311 1670 503 1768 praedicat,
539 1698 610 1744 non
649 1673 759 1770 magis
793 1697 814 1744 e
847 1671 997 1770 sphaera
1024 1697 1134 1768 quam
1171 1697 1221 1745 ex
1250 1669 1305 1744 alia

236 1793 361 1888 quavis
389 1816 512 1866 caussa
542 1807 743 1890 potuerunt
773 1792 951 1880 exsistere,
990 1791 1051 1864 sed
1087 1820 1107 1864 a
1143 1773 1306 1892 principio

235 1937 311 1986 esse
335 1911 551 1986 debuerunt
604 1913 854 2012 Reprehensus
879 1928 1063 2012 propterea
1083 1928 1137 1986 est
1155 1913 1200 1985 ab
1217 1915 1306 1986 Aris-

236 2033 358 2120 totele,
395 2047 438 2107 ut
472 2033 638 2133 superius
674 2034 844 2129 vidimus;
867 2034 1117 2135 Empedoclem
1134 2049 1254 2108 tamen
1276 2032 1305 2105 id

234 2179 307 2229 nou
331 2154 474 2254 proprie
500 2155 716 2230 intellexisse
739 2155 810 2256 jam
830 2155 1082 2232 animadvertit
1097 2157 1303 2254 Simplicius,

232 2277 372 2369 dicens,
396 2291 434 2352 et
456 2277 561 2350 illum
584 2289 620 2350 et
636 2276 722 2350 alios
739 2291 906 2352 veterum
923 2275 1030 2350 talem
1048 2277 1179 2350 muudi
1195 2292 1304 2349 ortum

234 2401 396 2491 finxisse,
423 2423 592 2498 nonque
615 2396 796 2471 muudum
819 2411 914 2470 certo
934 2411 1094 2494 tempore
1122 2411 1250 2470 natum
1274 2409 1306 2469 et

232 2520 388 2619 singulas
404 2518 466 2592 has
481 2517 611 2591 mundi
628 2533 762 2618 partes,
777 2517 982 2617 sphaeram,
1010 2518 1210 2611 elementa,
1235 2531 1303 2591 cett
1377 2509 1378 2562 l

230 2641 416 2740 quondam
441 2665 505 2740 per
532 2665 570 2713 se
592 2640 764 2715 exstitisse
786 2653 977 2738 putarent,
997 2639 1058 2712 sed
1086 2666 1160 2740 quo
1187 2639 1305 2713 clarius

232 2763 450 2862 explicarent
475 2778 513 2838 et
539 2764 710 2863 principia
735 2761 914 2863 equibus
942 2775 1072 2834 natura
1098 2777 1251 2854 constet,
1273 2774 1303 2832 et

176 2973 180 2978 ,
232 2884 395 2960 ordinem
415 2911 527 2986 quem
548 2885 719 2986 quodque
746 2884 923 2972 obtineat,
943 2899 980 2958 et
1000 2882 1148 2957 modum
1168 2911 1241 2984 quo
1265 2909 1303 2956 ex

232 3004 287 3078 his
302 3017 453 3082 naturae
470 3033 527 3080 res
543 3005 712 3080 conflatae
728 3009 817 3098 sint,
833 3005 912 3078 ideo
927 3003 1019 3097 illos,
1034 3033 1128 3106 quae
1144 3007 1183 3078 in
1200 3031 1302 3080 mun·

232 3124 279 3198 do
298 3125 470 3202 videntur
489 3128 652 3218 confusa,
672 3129 746 3201 suis
766 3151 934 3227 quaeque
952 3126 1073 3200 formis
1089 3128 1300 3226 expressisse.

233 3249 289 3321 Sic
310 3249 348 3321 in
373 3249 488 3346 primo
511 3249 556 3322 de
578 3249 681 3323 Coelo
701 3255 788 3324 ²⁰³5
814 3243 920 3324 Οὗτοι
949 3242 1023 3342 οὖν,
1049 3249 1189 3349 inquit,
1217 3276 1303 3348 yen-

233 3372 289 3446 riv
319 3374 377 3446 sol
410 3369 582 3469 ἄφθαρτον
608 3377 766 3472 λέγοντες
802 3377 857 3447 τὸν
887 3371 1113 3468 adoptamini
1144 3372 1308 3474 γένεσιν

233 3494 317 3594 οὐχ
338 3495 387 3576 ὡς
410 3493 496 3571 ἀπὸ
521 3495 668 3594 χρόνον
694 3495 784 3592 Φασὶ
806 3491 872 3570 δεῖν
893 3494 1038 3587 ἀκούειν,
1059 3493 1139 3570 ἀλλ’
1159 3491 1198 3588 ἐξ
1218 3501 1302 3568 ν’ννν·

233 3613 379 3698 θέσεως
405 3619 582 3716 εἰρημένην,
611 3616 830 3718 didascalice
853 3615 957 3720 χάριν
983 3622 1041 3709 τῆς
1063 3616 1223 3711 τάξεως
1251 3619 1302 3692 niv
1377 3643 1378 3668 t

122 3804 123 3810 ,
232 3738 265 3815 ὲν
286 3741 377 3840 αὐτῷ
398 3743 558 3841 προτέρων
583 3768 622 3816 τε
644 3745 702 3817 cal
722 3739 967 3842 σννθετντέρων.
1016 3741 1158 3842 ltaque,
1180 3741 1299 3842 pergit,
1377 3743 1378 3760 ¹

232 3863 463 3961 Empedocles
492 3864 676 3965 ceterique
702 3865 840 3966 physici
872 3867 928 3958 alra
960 3869 1022 3942 τῶν
1054 3863 1209 3943 συνθέτων
1236 3860 1299 3938 oiri

212 4150 215 4156 .
267 4107 341 4178 (νον)
360 4107 470 4176 snpra.
494 4109 520 4158 an
541 4107 627 4160 senor.
649 4110 752 4162 Aristot.
773 4113 865 4164 arana.
884 4129 908 4181 p.
927 4112 976 4174 aas
996 4111 1021 4164 t.
1062 4079 1063 4084 ¹
