2796 4914
232 381 295 442 276
637 391 915 442 conunurnmus

228 570 356 630 ιννσῒσθαι
365 569 447 645 ἀλλον
459 566 474 634 ii
487 573 527 646 τῷ
536 563 699 641 Φιλομαθεθ.
715 566 824 643 Ωιιυιιι
841 561 945 623 locum
963 561 1047 624 Plato
1060 560 1303 649 philosopho,

229 666 364 728 eundem
385 665 583 751 Empedocles
602 669 679 727 vati
700 666 847 750 adsignat.

269 780 373 855 θητρον,
407 773 506 857 primi
527 783 634 834 contra
655 793 771 834 morem
793 773 947 857 correpti,
975 774 1020 836 nti
1041 795 1084 838 vs.
1107 773 1185 854 4333
1210 785 1305 836 contra

228 879 378 963 producti
403 878 515 958 ,eidem
537 876 648 958 legitur
667 899 711 938 vs.
732 877 792 938 435
803 901 812 955 ;
843 879 967 961 corripit
985 880 1058 940 item
1078 880 1201 964 Diogen.
1220 880 1305 940 Lairt.

227 987 272 1047 lll
278 1031 288 1060 ,
309 984 365 1060 45,
389 993 423 1043 ut
443 993 530 1042 notat
551 983 645 1044 Stura.
665 1017 706 1030 ν-
723 989 821 1064 αρθμον
838 995 986 1044 vocantur
998 983 1050 1046 hic
1062 1007 1126 1046 non
1141 984 1236 1046 solnm
1247 992 1307 1064 τνθ-

227 1118 335 1171 μηχοο,
357 1098 391 1148 ut
415 1086 498 1170 apud
520 1089 701 1163 Homerum,
731 1088 783 1150 sed
804 1087 970 1171 generatim
985 1092 1140 1170 principes
1158 1093 1305 1170 (βασιλεῖς,

228 1203 361 1278 ἀρχινοθ,
383 1205 418 1254 ut
438 1193 522 1254 Plato
543 1213 634 1274 supra
655 1192 820 1274 appellat);
842 1214 904 1276 quo
925 1214 1013 1254 sensu
1032 1193 1115 1256 idem
1134 1195 1307 1257 vocabulum

229 1304 339 1386 legitur
358 1302 391 1362 in
413 1297 548 1380 Euripid.
571 1296 669 1380 lphig.
690 1297 760 1360 Aul.
783 1296 855 1360 699.
876 1331 917 1344 -
938 1299 994 1360 Pro
1012 1304 1084 1368 ’θνθεν
1103 1306 1308 1382 ἀναβλαστοθσι

229 1404 434 1468 Theodoretus
455 1402 584 1463 deterius
605 1403 657 1468 ’ἐνθ’
678 1408 935 1482 ἀναβλαστάνουσι.

271 1512 319 1571 Vs.
349 1508 412 1570 387
437 1530 502 1592 sqq·
545 1511 695 1584 ἀθανάτοις
717 1514 846 1576 ἀλλοισιν
866 1515 1005 1590 tarsen,
1028 1515 1114 1587 ιιτλ.)
1154 1512 1232 1572 Haec
1249 1532 1308 1570 non

229 1616 331 1676 minus
351 1613 488 1696 profecto
508 1623 637 1689 secernet,
655 1635 748 1698 quam
769 1636 847 1699 quae
861 1617 995 1678 llusaeus
1012 1627 1042 1676 et
1055 1615 1221 1700 Eumolpus
1231 1617 1310 1699 justis

230 1719 469 1802 pollicebantur;
502 1740 578 1802 quae
608 1720 707 1800 tangit
735 1719 820 1782 Plato
851 1719 889 1780 de
912 1721 986 1802 Hep.
1008 1721 1058 1796 ll,
1078 1719 1117 1797 6,
1142 1743 1173 1804 p.
1196 1720 1253 1782 363
1273 1721 1306 1780 C:

229 1833 260 1902 ἐς
281 1830 347 1907 ᾅδου
365 1835 420 1906 γαρ
441 1828 604 1908 ἀγαγόντες
624 1835 664 1908 τῷ
684 1831 763 1908 λόγῳ
781 1834 831 1892 οιαὶ
847 1833 1077 1901 κατακλίναντες
1096 1834 1145 1893 sul
1165 1830 1307 1908 ξυμτθσιον

230 1945 287 1999 τῶν
313 1937 390 1998 letus
417 1940 710 2006 κατασκευάσαντος,
737 1935 979 2023 ἔστσΦανυμανους
1004 1940 1111 2000 τοιοῦτο
1132 1940 1182 1999 τὶν
1200 1937 1308 2000 ἀταντα

229 2043 328 2119 χρθνον
345 2041 395 2110 liin
415 2040 521 2120 θιάγειν
546 2044 714 2118 μιθθυντας,
737 2043 905 2119 ι’νννοάμονοι
925 2047 1086 2106 κάλλιστον
1102 2044 1204 2119 ἀρετῆς
1224 2048 1308 2119 μισθθν

228 2147 444 2224 petroaldum.
489 2143 662 2206 concinunt
688 2142 721 2202 in
751 2141 811 2204 hoo
840 2143 901 2205 lere
921 2163 1026 2204 omnes
1048 2145 1171 2225 poiitae5
1194 2146 1236 2206 sic
1255 2146 1308 2205 Ho-
1377 2209 1380 2220 ¹

229 2272 329 2312 merus
351 2249 388 2310 de
410 2248 537 2312 Hercule
558 2247 614 2309 Od.
636 2262 676 2323 λ,
697 2245 776 2308 602:

659 2355 746 2429 αιἰτθς
769 2356 800 2418 δὲ
820 2353 887 2433 μετ’
906 2357 1067 2422 ἀθανάτοισι
1089 2361 1182 2422 θοαῖσιν

393 2469 529 2542 τθρτεται
549 2465 579 2526 ἐν
601 2466 706 2535 θαλθνς.
1387 2525 1388 2550 2

230 2567 371 2632 Similiter
394 2565 536 2629 Hesiodus
566 2564 604 2627 de
635 2587 727 2628 aureo
755 2564 915 2626 hominurn
942 2563 1063 2640 seculo,
1093 2566 1148 2648 Op.
1169 2573 1200 2626 et
1217 2564 1253 2626 n.
1272 2585 1307 2622 rs.

231 2674 291 2736 112
319 2679 384 2756 sqq.
427 2670 574 2734 Pindarus
600 2670 638 2732 de
662 2670 776 2747 beatis,
806 2669 930 2752 Olymp.
956 2670 1007 2746 ΙΙ,
1036 2667 1143 2730 67-74.
1177 2669 1215 2730 cl.
1246 2667 1308 2730 Astii
1386 2737 1387 2740 Ἴ

230 2787 396 2839 comment.
409 2776 442 2836 in
456 2775 575 2838 Platon.
590 2774 628 2836 de
640 2775 715 2857 Hep.
728 2795 758 2858 p.
780 2772 837 2834 401
854 2793 899 2856 eq.
919 2771 997 2834 adde
1016 2788 1102 2859 qnae·
1113 2773 1200 2858 apud
1216 2775 1308 2858 ipsum

229 2886 261 2944 in
283 2880 435 2945 Phaedon.
459 2900 491 2962 p.
510 2877 551 2940 69
574 2879 615 2955 c,
639 2878 676 2940 de
696 2878 819 2940 initiatis
839 2876 1061 2960 praedicantur.
1105 2879 1202 2940 Etiam
1222 2878 1308 2951 illud,

229 2989 326 3050 bonos
339 2997 408 3071 post
421 2997 548 3048 mortem
562 2984 601 3046 ad
614 2985 689 3046 lleos
703 2981 803 3061 evehi,
814 2994 899 3044 vetus
914 2993 944 3044 et
956 2992 1116 3066 pervagata
1129 2983 1188 3044 fnit
1200 2985 1308 3067 opinio:

232 3096 274 3155 sic
292 3091 437 3154 Hesiodus
454 3093 520 3175 jam
541 3088 563 3150 l.
582 3089 604 3151 l.
623 3110 666 3150 vs.
686 3088 756 3165 122,
778 3088 815 3148 de
834 3108 925 3148 aureo
941 3087 996 3148 illo
1016 3109 1124 3170 genere
1144 3088 1307 3170 praedicat:
1384 3153 1385 3178 ᾖ

375 3205 421 3263 rol
439 3210 492 3278 μὲν
511 3198 640 3277 δαίμονές
658 3202 727 3273 οἷσι,
750 3205 815 3271 Arte
836 3202 967 3276 μεγαλου
986 3198 1032 3262 Σοὶ
1054 3201 1171 3274 noan.

96 3307 102 3320 ’
231 3326 293 3388 quo
320 3313 434 3388 spectat
455 3303 539 3366 Plato
561 3301 673 3386 Cratyl.
694 3322 726 3385 p.
746 3299 808 3362 398
828 3301 860 3362 Β.
902 3299 1075 3361 Praesertim
1095 3298 1226 3382 appositi
1246 3305 1308 3358 sunt

232 3409 331 3472 ultimi
350 3409 396 3469 illi
417 3429 517 3468 versus
537 3429 577 3468 ex
596 3406 697 3469 Aureo
717 3406 870 3467 carmine:
1381 3397 1384 3576 Ι

373 3517 404 3588 ἢν
423 3516 450 3579 θ’
471 3519 630 3592 ἀτολεθθας
645 3523 727 3592 σῶμα
744 3519 775 3588 ἀς
793 3510 878 3593 αἰθέρ’
894 3516 1033 3589 ἔλεθθσοον
1051 3513 1151 3590 tntae,

370 3624 465 3688 ἀσσεαι
486 3627 640 3696 ἀθάνατος,
661 3627 719 3696 θεθς
737 3625 893 3699 ἀμβροτος,
915 3621 965 3682 οὖα
982 3619 1027 3683 ’ἐτι
1045 3621 1150 3691 θνντθς.

231 3726 365 3788 Ceterum
387 3728 420 3786 in
442 3725 631 3809 Empedoclis
652 3746 738 3789 versu
758 3725 857 3808 primo
878 3745 935 3808 pro
952 3728 981 3792 ‘tv
994 3751 1029 3790 το
1041 3729 1197 3806 τραπέζαις
1209 3718 1307 3784 Euseb.

231 3850 388 3912 perperam
409 3839 631 3917 αθτοσρασεζοι,
653 3829 737 3916 quod
758 3827 942 3912 significaret
960 3831 1019 3890 coli
1039 3829 1200 3912 epulantes.
1235 3825 1309 3888 Alter

231 3955 331 3996 versus
352 3958 369 3996 a
390 3939 538 4022 scaligero
559 3939 599 4000 ad
620 3935 724 4021 steph.
738 3937 821 3998 Po'e's.
843 3932 921 4018 phil.
939 3934 1115 3997 emendatus
1137 3944 1199 4009 est,
1221 3949 1309 4017 quum

230 4039 322 4123 vulgo
352 4042 452 4105 vitiose
480 4046 628 4128 legeretur
656 4044 715 4105 ita=
745 4045 840 4118 ἀθντες
865 4044 988 4122 ἀνθρεθαν
1012 4039 1141 4123 Ἀχαιθθν
1164 4043 1309 4115 brixium
