2768 4910
280 408 343 468 446
672 417 721 464 nn
741 417 960 476 suannocnrs
1048 491 1051 496 Ι
1134 395 1144 414 ’
1173 431 1176 438 ,

279 584 441 659 membra
458 583 589 658 tellure
606 598 742 678 exorta,
756 583 943 658 secundo
962 597 1116 657 monstra
1131 600 1317 683 specttorum

265 695 420 797 'similia3
455 709 595 778 tertio
629 705 756 780 solidae
778 705 986 778 animalium
1012 706 1163 804 figuram
1184 724 1317 806 quarto

278 830 374 902 setus
390 853 464 901 non
480 827 633 922 amplius
649 826 907 900 elementorum
928 827 1113 920 mixtione,
1135 827 1194 900 sed
1213 833 1318 902 mutuis

278 949 466 1026 connubiis
493 947 678 1047 procreati.
730 951 783 1021 De
807 962 982 1046 postrema
1013 949 1181 1046 progenie
1200 949 1318 1022 inferius

278 1071 482 1146 dicendum.
555 1070 600 1142 In
644 1070 711 1143 hac
747 1068 928 1144 Plutarchi
966 1068 1199 1169 descriptione
1227 1096 1317 1144 unum

278 1193 446 1268 vitiosum
478 1206 551 1287 est,
581 1191 679 1295 quod
710 1193 883 1292 principio
910 1217 984 1264 non
1006 1190 1122 1264 solum
1145 1191 1317 1265 animalium

278 1315 339 1390 sed
375 1317 480 1390 etiam
510 1313 679 1388 arborum
705 1311 805 1412 (ζώων
833 1315 889 1388 καὶ
915 1313 1044 1409 φυτῶν)
1065 1315 1169 1415 quasi
1188 1325 1317 1386 truncata

279 1437 438 1512 membra
461 1438 630 1511 exstitisse
650 1451 786 1529 narrat,
817 1461 935 1537 quum
955 1435 1000 1510 de
1021 1435 1152 1534 plantis
1173 1434 1237 1508 tale
1255 1431 1317 1532 quil

278 1558 508 1658 Empedocles
529 1583 604 1632 non
628 1557 774 1651 dixerit5
795 1558 947 1658 reliqua,
971 1557 1038 1632 etsi
1058 1557 1104 1630 ab
1125 1559 1199 1657 ipso
1214 1556 1317 1627 nonita

278 1679 440 1752 distincte
463 1693 640 1772 enarrata,
664 1695 786 1754 tamen
809 1681 1005 1754 sententiae
1025 1677 1102 1777 ejus
1124 1677 1317 1752 conveniunt.

326 1802 516 1873 Caeterum
539 1800 627 1874 haec
649 1802 739 1874 fictio
763 1799 927 1899 exemplo
948 1815 1019 1893 est,
1039 1827 1153 1901 quam
1174 1793 1318 1895 φιλόμυθος

277 1921 388 1994 fuerit
408 1920 518 1994 Siculi
534 1923 622 1998 vatis
640 1921 870 2020 philosophia.
913 1921 1006 2014 Quis
1025 1922 1117 1994 luaec
1136 1921 1249 2020 legens
1265 1941 1317 1988 nou

277 2041 582 2140 Hippocentaurus
594 2057 631 2117 et
641 2043 843 2117 Chimaeras
860 2058 897 2117 et
916 2044 981 2134 alia
999 2042 1181 2135 fabulosae
1199 2036 1317 2137 antiqui·

277 2164 358 2236 tatis
379 2179 533 2236 monstra
555 2163 787 2238 recordatur?
836 2167 893 2238 An
916 2167 1071 2258 mirum,
1088 2163 1161 2236 tale
1177 2183 1317 2235 commen·

277 2298 356 2358 tum
372 2288 492 2383 paucis
503 2285 693 2384 probatum
705 2315 726 2359 a
736 2286 917 2386 plerisque
928 2286 1085 2360 derisum
1099 2311 1175 2360 esse
1189 2297 1221 2357 et
1232 2279 1318 2378 explu-

277 2405 384 2479 suml
412 2406 503 2480 Nam
521 2421 564 2480 ut
581 2408 801 2499 omittamus,
818 2407 915 2507 quod
934 2407 1096 2481 homines
1110 2403 1319 2487 sicutblitunr,

278 2541 320 2600 ut
332 2528 448 2606 Varro
472 2526 591 2600 ridens
608 2527 707 2620 dicit,
727 2555 749 2601 e
768 2543 863 2618 terra
882 2543 982 2602 natos
1003 2530 1101 2624 lecit,
1122 2543 1159 2620 at
1179 2519 1318 2629 quomodo

277 2662 442 2722 truncata
474 2649 539 2721 ista
567 2649 727 2723 membra
753 2677 827 2725 non
854 2652 949 2726 nasci
972 2650 1112 2742 solum,
1146 2650 1205 2726 sed
1231 2647 1318 2722 vivete

277 2768 505 2870 potuerunt?
537 2772 743 2868 Quomodo,
765 2773 817 2846 his
840 2767 974 2848 temere
996 2772 1224 2862 co'e'untibns,
1243 2765 1317 2840 nira-

277 2892 355 2966 bilis
382 2891 441 2966 illa
467 2893 633 2968 exsistere
654 2895 878 2994 singularum
902 2921 1026 2970 rerum
1048 2895 1163 2994 ligura
1187 2905 1219 2964 et
1239 2911 1318 2960 orua-

277 3012 360 3088 tus?
410 3013 492 3088 Non
514 3013 601 3089 vidit
622 3041 723 3115 ergo,
743 3015 920 3116 cujusque
945 3017 996 3088 rei
1016 3015 1189 3112 originem
1205 3025 1237 3084 et
1249 3006 1318 3106 prin·

278 3135 412 3233 cipium
431 3133 502 3212 ,tale
524 3161 597 3208 esse
620 3135 761 3228 debere,
782 3137 880 3236 qnod
903 3135 1016 3234 ipsius
1038 3149 1189 3208 naturae
1204 3151 1318 3226 respon·

277 3256 377 3344 deat3
397 3281 470 3328 non
485 3255 749 3350 animadvertit,
764 3257 979 3356 praeclaram
998 3257 1092 3330 illam
1110 3253 1318 3331 membrorum

273 3392 494 3482 structuram
521 3391 557 3450 et
580 3379 732 3450 sormam
753 3405 826 3452 non
848 3380 1003 3478 potuisse
1023 3379 1118 3450 forte
1145 3375 1202 3451 uel
1223 3393 1319 3444 neces·

276 3501 376 3574 sitate
400 3497 585 3592 exsistere,
610 3499 672 3574 sed
696 3500 832 3574 ratione
856 3514 1024 3600 certoque
1048 3495 1188 3570 consilio
1212 3491 1250 3566 ad
1268 3489 1318 3562 uti·

276 3619 411 3693 litatem
449 3632 485 3692 et
518 3618 562 3691 ad
598 3619 768 3694 decorum
802 3633 1040 3719 comparatam
1075 3645 1149 3702 esse
1177 3622 1246 3686 ¹⁸⁰.
1286 3611 1319 3682 lt

271 3853 325 3904 pro
343 3835 410 3900 vulg,
430 3837 568 3905 τέτταρας
585 3831 655 3886 dedit
667 3833 751 3886 Stura.
763 3854 788 3904 p.
802 3834 858 3886 366.
878 3834 1011 3886 vocabulo
1025 3827 1319 3904 oruotooaspcgminuu

278 3933 317 3981 est
334 3929 551 4000 εἶδωλόμορφος,
570 3927 683 3996 Geopon.
701 3927 740 3989 X,
759 3940 781 3976 c.
802 3941 832 3992 9,
848 3925 894 3976 etsi
913 3902 1030 3978 dissimili
1047 3927 1231 3994 significatione.

309 4022 384 4084 (180)
402 4021 473 4072 Talia
491 4021 515 4072 ei
536 4019 625 4086 objicit
642 4017 744 4069 tristor.
761 4013 835 4080 Phys.
852 4016 892 4077 11,
913 4019 942 4082 Β,
957 4035 982 4088 p.
1000 4035 1047 4086 ²7⁰
1062 4021 1094 4072 E:
1116 4017 1179 4077 ὅλως
1197 4015 1226 4069 δὲ
1239 4010 1322 4072 escort

271 4112 291 4162 d
311 4113 380 4162 οὕτω
397 4110 481 4178 llyoro
498 4113 533 4162 τὰ
551 4109 629 4174 φύσει
648 4127 680 4159 τε
700 4109 747 4158 aral
766 4104 844 4166 pion
863 4107 923 4157 κτλ.
