2814 4906
238 419 301 484 oio
634 429 681 482 ue
704 433 918 481 uuaanooms

236 603 494 695 didit,.vetut,
526 603 622 700 quod
653 602 816 676 homines
848 628 919 675 non
951 601 1065 674 solum
1099 605 1136 674 in
1171 601 1317 690 bestias,

237 727 300 800 sed
329 726 368 797 in
402 723 538 823 plantas
568 725 674 796 etiam
702 725 947 796 transformari
977 723 1075 822 fingit
1099 733 1156 798 ²⁷.
1216 723 1323 796 Idem

239 872 324 924 vero
347 844 517 944 placitum
545 870 674 942 parum
700 845 863 944 congruit
891 870 975 916 cum
1004 869 1047 916 eo
1080 845 1180 944 quod
1209 873 1322 944 supra

238 966 283 1039 de
324 965 442 1038 animo
483 964 623 1056 docuit,
658 964 880 1038 intellectum
908 989 929 1037 e
960 967 1112 1061 corporis
1139 968 1319 1064 temperie

237 1087 334 1160 nasei
369 1101 406 1158 et
433 1087 606 1184 sanguine
627 1087 834 1184 praesertim
860 1086 1037 1160 contineri
1063 1099 1227 1160 statuens
1254 1091 1315 1157 ²⁸:
1389 1067 1390 1158 J

239 1231 323 1280 nam
349 1207 378 1278 si
405 1225 507 1279 mons
534 1219 606 1280 tota
635 1231 654 1280 a
683 1227 826 1306 corpore
849 1189 1023 1306 pendeat,
1053 1203 1121 1279 hoo
1144 1207 1317 1282 dissoluto

237 1328 334 1400 iiiam
352 1327 458 1400 simul
472 1326 612 1404 dissolvi
625 1342 662 1402 et
677 1331 714 1400 in
734 1352 838 1402 auras
860 1353 1070 1405 evanescere
1087 1348 1234 1402 necesse
1245 1343 1317 1419 est,

240 1447 530 1548 necquidquam
555 1451 681 1548 prioris
709 1463 859 1530 naturae
887 1473 1082 1522 remanere.
1134 1451 1195 1522 Sic
1213 1451 1318 1548 possit

237 1569 390 1669 quidem
417 1596 463 1642 ex
484 1570 683 1662 elementis,
713 1559 846 1671 quibus
869 1571 1051 1670 quondam
1072 1572 1180 1644 homo
1197 1573 1313 1644 ¹fuerat

238 1683 429 1784 conflatus,
456 1705 573 1790 postea
592 1692 701 1764 hestia
728 1689 784 1769 vel
811 1691 915 1764 arbor
939 1693 1024 1764 oriri
1040 1701 1105 1778 ²⁹3
1130 1705 1168 1763 at
1194 1693 1230 1765 in
1249 1691 1309 1763 hac
1389 1757 1390 1762 ,

239 1815 438 1886 mutatione
460 1836 533 1886 non
560 1827 701 1886 maneat
721 1815 909 1912 ingenium
928 1823 965 1885 et
986 1834 1101 1906 mens,
1125 1839 1225 1912 quae
1240 1812 1316 1886 oiim

242 1931 488 2026 inerma-sed
514 1935 554 2004 in
585 1958 681 2010 novo
707 1959 851 2032 corpore
873 1957 990 2008 novus
1011 1935 1154 2006 animus
1176 1948 1318 2026 crescat,

243 2053 309 2152 qui
332 2079 416 2127 mox
438 2076 565 2128 rursus
581 2055 796 2129 dissolvatur
810 2064 866 2126 ³⁰.
917 2054 971 2128 Its
995 2069 1115 2127 tamen
1139 2053 1320 2154 Empedo-

276 2229 334 2295 (27)
349 2229 476 2280 Placitum
495 2229 528 2282 de
545 2229 757 2298 metempsychosi
781 2247 847 2299 quae
866 2237 984 2291 vocatur,
1000 2230 1034 2280 ab
1050 2227 1180 2298 Aegyptiis
1201 2226 1318 2297 petitum,
1389 2241 1390 2262 ³

246 2329 299 2370 tam
319 2319 346 2370 in
366 2316 590 2386 Pythagoreorum
612 2317 705 2370 schoiis
727 2335 803 2388 quam
825 2318 852 2368 in
868 2317 987 2387 Orphicis
1007 2317 1134 2386 mysteriis
1154 2325 1318 2386 pervagatum

244 2408 366 2478 varieque
381 2409 507 2470 traditum
520 2417 568 2467 est.
601 2407 659 2458 tid.
675 2407 708 2460 de
725 2407 774 2460 hoc
785 2403 914 2460 Phiioiam
926 2407 995 2476 apati
1006 2407 1131 2463 Ghmeat.
1142 2407 1219 2462 Alex.
1233 2409 1320 2458 Strom.

243 2498 301 2553 111,
321 2514 348 2566 p.
366 2497 415 2555 433
428 2502 463 2561 A3
481 2499 600 2552 Timaeus
617 2497 692 2548 Loco.
710 2496 743 2549 de
763 2499 809 2549 An.
827 2495 935 2556 Mundi,
952 2504 1018 2548 extr.
1034 2497 1107 2550 Plato
1124 2497 1194 2548 Tim.
1207 2514 1234 2565 p.
1247 2513 1279 2564 9⁰
1290 2514 1322 2566 sq.

239 2571 271 2636 'et
282 2585 336 2635 aliis
350 2585 420 2638 locis.
431 2587 563 2652 Wyttenb.
580 2588 672 2654 Opusc.
687 2587 730 2648 11;
747 2583 885 2636 inPlaton.
898 2585 1028 2636 Phaedon.
1039 2602 1065 2652 p.
1078 2602 1124 2635 aro
1138 2602 1197 2654 sqq.
1214 2585 1321 2638 Lobeck.
1389 2567 1390 2618 i

245 2673 365 2741 Aglaoph.
375 2674 404 2726 T.
415 2676 452 2737 11,
464 2691 488 2743 p.
504 2674 553 2746 795
569 2691 625 2745 sqq.
640 2673 749 2726 Boeohh.
761 2673 787 2725 in
802 2673 905 2724 Pindari
920 2673 1009 2741 stagna
1023 2677 1067 2741 983
1085 2656 1176 2724 nitier.
1198 2675 1321 2726 tisschth
1389 2697 1390 2706 ¹

243 2761 351 2830 Pythsg.
362 2760 426 2816 Phil.
445 2780 471 2832 p.
487 2763 535 2816 siit
553 2781 607 2836 sqq.
619 2763 702 2816 Multa
714 2764 762 2814 hoc
775 2763 915 2832 spectantia
927 2763 960 2814 de
972 2755 1125 2832 Empedoclis
1135 2771 1163 2814 et
1172 2764 1320 2832 Pythagora

244 2851 336 2904 similia
353 2862 508 2906 narrantur:
527 2854 601 2908 velut
620 2853 691 2924 quod
709 2871 724 2902 a
740 2853 901 2920 Xenophane
917 2861 1077 2904 memoratur
1091 2852 1255 2918 Pythagorae
1271 2854 1322 2904 dic·

247 2948 318 3000 tum,
339 2960 392 3012 qao
411 2959 501 2994 canem
520 2943 662 2995 verberare
679 2949 751 2992 vetat
767 2941 900 3010 (Xenoph.
916 2939 983 2992 Reii.
1000 2957 1026 3010 p.
1043 2939 1099 3009 56),
1118 2942 1191 3012 quod
1211 2941 1322 3008 ejusdem

246 3030 331 3083 isrtm
345 3042 515 3102 praeceptum
533 3033 565 3084 ds
583 3031 730 3083 animalium
743 3029 823 3081 caedo
839 3029 924 3095 (Ovid.
936 3032 1066 3095 hietxv,
1079 3031 1123 3095 763
1134 3033 1168 3082 of.
1186 3041 1323 3083 comment.

246 3137 325 3190 supra
350 3122 383 3174 ad
403 3140 451 3176 vos.
471 3122 618 3186 mouth),
641 3121 770 3190 denique,
789 3126 820 3170 ut
840 3119 889 3170 alia
911 3122 1041 3184 omittam,
1064 3124 1193 3188 jactatum
1211 3121 1277 3171 iilud
1294 3121 1324 3170 de

142 3243 143 3246 =
242 3211 390 3280 ’Pythagora
412 3209 555 3265 Panthoide
577 3209 663 3273 (ovid.
688 3211 752 3261 Met.
772 3207 829 3270 XV,
853 3211 919 3278 160.)
940 3228 999 3261 cum
1017 3209 1194 3279 Empedocleis
1217 3227 1324 3278 prorsus
1389 3267 1390 3272 η

247 3301 395 3354 concinunt.
426 3300 511 3353 Biiam
531 3299 683 3368 scriptores,
700 3299 750 3350 hoc
769 3301 892 3370 placitum
906 3307 1051 3365 tangentes,
1070 3297 1208 3369 utriusque
1222 3299 1326 3350 nomina

242 3387 302 3441 Tere
321 3393 497 3458 conjungunt:
515 3395 545 3439 ut
564 3388 632 3439 Sext
651 3387 747 3455 Empir.
764 3389 824 3452 ix,
847 3405 904 3454 ¹²73
927 3389 1055 3468 PJutarch.
1076 3389 1113 3440 eie
1128 3389 1180 3440 Esu
1195 3390 1271 3440 carn.
1291 3389 1326 3447 il,

243 3496 272 3548 p.
295 3492 343 3548 997
365 3495 403 3550 sq.
423 3477 496 3543 (voi.
515 3479 554 3541 X,
570 3494 595 3546 p.
621 3475 665 3527 rho
685 3483 712 3526 et
738 3476 815 3544 aha.);
837 3479 963 3549 Porphyr.
984 3479 1056 3548 apud'
1075 3478 1146 3532 Stoh.
1168 3477 1233 3531 Ecli.
1252 3477 1324 3544 Phys.

247 3587 273 3640 p.
290 3571 365 3630 1048(
383 3569 554 3636 Hieronymus
572 3564 629 3619 adv.
647 3567 776 3622 Jovinian.
798 3571 840 3632 li,
860 3572 924 3638 Opp.
942 3570 971 3621 T.
987 3572 1028 3628 tt,
1044 3583 1068 3636 p.
1087 3567 1117 3618 ha
1136 3568 1174 3629 ὓς
1194 3576 1223 3620 et
1240 3568 1324 3636 plures

249 3677 314 3731 quos
331 3658 410 3712 citavi
431 3659 480 3710 sub
499 3657 607 3726 Emped.
625 3673 663 3708 vs.
684 3657 733 3708 teo
753 3672 790 3728 sq.

282 3751 338 3817 (at)
355 3749 412 3800 Vni.
430 3750 549 3818 superius
567 3747 582 3816 5
599 3746 638 3800 35.

281 3841 338 3907 (29)
358 3839 415 3890 Roe
433 3856 507 3890 sensa
521 3839 615 3907 accipit
629 3839 759 3900 Sturzius,
771 3839 816 3909 qui
834 3847 862 3890 et
872 3839 982 3893 aliorum
1001 3841 1232 3909 interpretationes
1249 3840 1323 3890 affert

249 3927 360 3996 Emped.
373 3945 398 3996 p.
408 3932 411 3936 ’
420 3927 465 3991 (71
485 3945 541 3998 sqq.

261 4017 340 4082 430)
362 4017 435 4066 Sicut
458 4019 589 4092 Epicureis
615 4019 712 4087 placuit
735 4015 813 4070 animi
830 4017 1050 4071 immortalitatem
1069 4018 1231 4071 tollentibus.
1273 4017 1322 4068 Lu·

166 4153 168 4158 .
250 4106 345 4158 cretius
367 4107 407 4166 il,
427 4122 463 4158 vs.
483 4108 543 4168 874:
