2796 4914
454 445 695 496 rmnosornm.
1039 433 1110 496 ,³55

59 605 227 702 elementa,
253 609 391 684 divinas
415 581 578 704 naturis,
598 614 699 714 quasi
725 613 854 712 gignit3
880 612 1004 686 eadem
1028 612 1127 686 diri-x

57 730 108 800 mit
123 743 156 802 et
179 731 300 807 miscet
317 735 498 820 Amicitia,
518 761 564 808 ex
583 731 839 807 immortalibus
858 734 995 806 naturis
1016 760 1111 808 mor-

57 848 125 922 tales
152 851 303 928 reddens
324 853 426 927 ¹³⁵.''
476 854 556 930 Alio
582 856 739 957 denique
765 853 840 928 loco
862 854 1111 952 reprehendit,

55 970 134 1067 quod
155 973 367 1048 Discordiam
388 1001 502 1075 aeque
526 990 635 1077 atque
657 977 857 1049 Amicitiam
877 975 1111 1051 immortalem

52 1089 232 1192 (ἄφθαρτον)
252 1094 380 1170 dixerit
396 1099 475 1170 ¹³⁶.
526 1099 653 1197 Itaque
670 1096 866 1170 Aristotelis
882 1089 1111 1196 reprehensio

52 1211 81 1282 in
100 1212 147 1288 his
168 1217 375 1312 praesertim
398 1219 524 1316 posita,
547 1217 678 1318 partim
699 1215 797 1316 quod
818 1202 1049 1315 Empedocles
1069 1219 1110 1290 iis

50 1359 127 1431 quae
143 1334 286 1410 induxit
304 1338 469 1414 movendi
487 1338 673 1440 principiis
691 1363 822 1437 parum
841 1363 929 1411 usus
949 1338 1009 1431 sit,
1029 1366 1110 1438 par·

50 1454 101 1526 tim
120 1456 233 1557 quod,
259 1484 376 1558 quum
401 1460 474 1535 duo
502 1475 539 1535 et
561 1461 736 1533 contraria
762 1457 978 1532 discerneret
1004 1461 1110 1556 prin-
1200 1509 1205 1522 ·

48 1576 136 1672 cipia,
154 1579 309 1652 alterum
330 1579 412 1654 boni
436 1580 606 1673 efficiens,
624 1581 777 1654 alterum
800 1577 901 1666 mali,
921 1577 1109 1654 amborum

46 1711 195 1772 naturam
225 1713 262 1772 et
291 1713 499 1799 potestatem
528 1702 746 1794 confuderit,
773 1703 820 1774 ita
844 1715 887 1776 ut
908 1714 1109 1803 utrumque

46 1827 104 1888 tam
123 1816 208 1892 boni
228 1845 338 1918 quam
360 1819 461 1915 mali,
486 1837 559 1895 tam
576 1824 670 1897 vitae
688 1849 800 1925 quam
821 1822 988 1896 interitds
1003 1847 1108 1894 causa

44 1938 79 2009 sit
94 1948 192 2047 ¹³⁷·,
218 1939 327 2032 Quod
347 1940 390 2013 ad
412 1943 513 2039 prius
533 1942 663 2017 horum
686 1943 832 2035 attinet,
858 1945 895 2018 in
919 1969 961 2017 eo
985 1967 1108 2017 omnes

43 2081 114 2134 cum
142 2061 331 2134 Aristotele
363 2065 591 2154 consentiunt
619 2065 849 2161 interpretes,
874 2064 1109 2155 Themistius,

40 2178 242 2280 Simplicius,
267 2181 585 2281 Philoponus1·³⁸:
610 2198 647 2272 et
668 2183 765 2281 jure,
787 2198 830 2256 nt
850 2183 939 2256 mihi
955 2182 1110 2276 videtum

39 2315 115 2373 litera
138 2317 207 2372 δ’ἂν
227 2317 315 2370 οὐθὲν
332 2306 419 2387 ἦττον
439 2321 591 2372 καὶτοῦτο
616 2323 745 2388 γεννᾷν
768 2319 817 2378 ἔξω
837 2322 887 2371 τοῦ
909 2319 968 2378 ἑνός
987 2320 1030 2383 (ut
1048 2317 1109 2383 legit
1216 2327 1228 2354 ⁰

37 2403 101 2455 tut.
116 2407 239 2460 [leterius
256 2412 310 2460 Ces.
327 2416 428 2482 φιννᾷν
446 2413 473 2470 ἐξ
488 2412 574 2464 αὐτοῦ
593 2415 643 2464 τοῦ
662 2410 741 2478 ἑνός)·
760 2415 873 2464 ἅπαντα
889 2415 941 2482 γὰρ
957 2413 987 2462 ἔνι
1005 2409 1107 2462 τούτου

34 2495 111 2548 τᾶλλα
130 2501 206 2568 πλὴν
228 2499 243 2550 ὁ
263 2502 330 2560 θεός
347 2502 374 2574 (i.
391 2507 449 2570 αὴ
473 2505 551 2566 φιλία
568 2507 621 2558 sive
642 2507 674 2557 τὸ
694 2503 742 2568 ἓν).
772 2503 899 2572 Deinceps
918 2500 1048 2554 nonnullis
1067 2501 1107 2550 in·

33 2591 133 2654 terjettis
152 2596 258 2662 pergit:
282 2593 342 2646 ἀλλ’
367 2596 437 2648 ὅθεν
461 2598 497 2664 δὴ
522 2597 535 2647 ὅ
557 2598 647 2664 λόγος,
672 2597 757 2649 τοῦτό
774 2616 807 2663 ys
828 2597 962 2664 φανερὸν,
980 2595 1024 2646 ὅτι
1041 2608 1108 2658 cvp-

31 2684 113 2740 βαίνει
133 2686 213 2756 αὐτῷ
230 2689 264 2738 τὸ
282 2697 373 2746 νεῖκος
392 2689 482 2758 μηδὲν
503 2690 606 2754 μᾶλλον
623 2695 765 2760 φθορᾶς
780 2693 798 2758 ἢ
815 2695 865 2742 τοῦ
887 2681 987 2742 εἶναι
1007 2689 1108 2740 αἴτιον.

31 2770 114 2834 ὁμοίως
130 2776 164 2828 δὲ
185 2777 289 2847 addis}
308 2781 419 2851 φιλότης
439 2787 489 2834 τοῦ
513 2777 606 2837 εἶναι
626 2784 745 2853 (μᾶλλον
761 2786 778 2851 ἢ
796 2789 845 2850 τῆς
864 2785 971 2850 φθορᾶς
991 2781 1105 2850 aivml·

30 2855 173 2936 συνάγουσα
191 2876 247 2941 γὰρ
264 2877 305 2934 είς
320 2873 357 2941 ἓν,
370 2879 484 2945 φθείρει
496 2876 594 2928 τᾶλλα.
616 2875 701 2926 Verba
719 2874 841 2943 explanat
857 2873 927 2923 Alex.
943 2873 969 2922 in
990 2871 1107 2943 Metaph·

30 2971 50 3021 p.
66 2959 96 3024 95
121 2978 159 3032 sq.
182 2962 273 3015 Schol.
293 2965 398 3018 Aristot.
414 2984 439 3035 p.
459 2967 581 3036 day-629.

53 3047 116 3118 (135)
133 3053 174 3106 Id.
190 3055 227 3106 de
239 3055 334 3108 Gener.
354 3061 383 3106 et
400 3057 473 3110 Corr.
489 3060 524 3118 11,
543 3058 568 3118 6,
585 3075 613 3127 p.
632 3057 681 3119 404
693 3058 735 3110 tt:
757 3058 847 3108 καίτοι
868 3075 901 3121 ya
925 3057 960 3106 τὰ
980 3064 1107 3122 στοιχεῖα

29 3139 156 3211 διακρίνει
169 3172 210 3185 ··-·
227 3145 260 3195 οὗ
277 3147 309 3198 τὸ
323 3157 426 3216 νεῖκος,
445 3148 506 3200 ἀλλ’
526 3152 544 3217 ἡ
563 3149 650 3212 φιλία,
668 3152 703 3200 τὰ
721 3147 799 3210 φύσει
816 3148 940 3218 πρότερα
955 3148 1006 3196 τοῦ
1024 3149 1107 3198 θεοῦ.

27 3227 72 3287 Quo
84 3250 161 3288 sensu
181 3240 222 3290 τὰ
236 3251 365 3308 στοιχεῖα
384 3243 454 3296 dicat
468 3245 593 3314 πρότερα
604 3245 654 3294 τοῦ
673 3243 762 3308 θεοῦ,
780 3241 796 3292 i.
814 3257 835 3291 e.
859 3242 909 3291 τοῦ
931 3239 989 3296 ἑνός
995 3275 1004 3300 ,
1023 3237 1105 3306 expli·

25 3321 113 3376 ruimus
133 3345 219 3398 supra
239 3347 265 3398 p.
285 3331 341 3384 321.
366 3334 508 3387 Aristotelis
526 3323 681 3387 seutentiam
695 3333 772 3385 latius
792 3339 984 3383 commentatur
1004 3326 1104 3395 Philop.

22 3406 49 3462 de
63 3413 122 3468 Gen·
145 3429 175 3473 et
200 3422 328 3490 Corrupt.
349 3423 389 3483 Il,
411 3422 429 3474 f.
450 3422 483 3492 59
502 3428 531 3475 Α.

45 3501 110 3575 (136)
129 3509 258 3580 Metaph.
276 3513 325 3576 XI,
347 3528 383 3564 to.
404 3529 431 3580 p,
450 3511 498 3576 745
513 3514 544 3563 G.
564 3511 632 3563 Alex.
653 3509 979 3580 Aphrod.ll1etaph.intp.
1001 3508 1104 3576 Sepulv·

19 3589 33 3641 l·
54 3596 109 3663 1833
129 3600 198 3652 item
221 3599 240 3650 f.
263 3617 308 3668 192
332 3604 363 3662 B,
385 3617 453 3670 quae
471 3603 565 3669 partim
584 3601 677 3652 Graece
688 3587 777 3652 'edidit
795 3599 908 3650 Brundis.
927 3597 1015 3652 Schol.
1028 3598 1104 3648 Arist

17 3689 99 3748 P=811
122 3689 152 3745 b:
180 3695 212 3745 εί
238 3695 291 3762 γὰρ
311 3696 343 3744 τὸ
365 3695 491 3744 ἐναντίον
507 3694 546 3762 τῳ
565 3695 681 3759 ἐναντίῳ
701 3689 745 3760 (τὸ
766 3701 857 3748 νεῖκος
877 3697 913 3758 τῇ
930 3687 1033 3756 φιλίῳ),
1056 3689 1104 3738 καί

19 3776 49 3845 τῷ
71 3781 193 3854 ἐναντίῳ
219 3787 255 3835 ’τὸ
282 3787 408 3838 ἐναντίον
433 3785 483 3856 (τῳ
511 3787 646 3854 ἀφθάρτῳ
668 3788 700 3836 τὸ
722 3779 872 3853 φθαρτόν)·
898 3785 926 3834 εί
951 3780 1101 3846 δὲταῦτα,

16 3871 63 3930 πῶς
82 3869 141 3928 οἷόν
163 3898 201 3930 τε
223 3877 318 3946 λέγειν
338 3878 486 3950 ἄφθαρτον
504 3881 537 3930 τὸ
554 3888 653 3938 νεῖκος.

42 3963 112 4038 (137)
129 3968 172 4021 Cf.
185 3968 265 4022 Alex.
280 3969 394 4040 Aphrod·
407 3968 521 4038 Metoplu
530 3987 559 4038 p.
573 3970 611 4021 30.

39 4059 104 4131 (138)
122 4061 264 4115 Themist.
286 4059 313 4112 in
328 4059 404 4128 Phys.
424 4061 463 4122 ΙΙ,
485 4060 501 4111 l.
519 4063 594 4125 2713,
616 4058 728 4128 simplic.
741 4055 803 4109 ibid.
824 4057 951 4121 f·73·⁸⁰3
969 4055 1102 4124 Philopon.

15 4147 285 4216 mmmmm
898 4135 973 4160 ¹·

914 4236 979 4310 23*
