2768 4916
444 355 793 408 -vt'eanetwmts
1089 343 1173 406 ’Ί

83 534 178 607 olem
200 522 454 630 philosophum
473 523 634 598 cundem
656 540 693 600 et
715 521 901 626 Olympiae
921 523 1093 600 victorem
1120 526 1175 600 fe-

84 656 183 728 cisse.
239 647 366 723 Addita
388 668 537 748 quoque
554 652 726 741 nomano,
749 669 845 749 qnae
867 647 920 720 rei
937 644 1095 747 aliquem
1113 673 1173 722 ve·

84 775 197 850 rimus
220 757 374 846 colorem
401 768 530 843 afferre
552 765 708 846 videbar.
761 769 854 844 liam
876 769 1071 870 Diogenes,
1092 793 1176 844 me-

85 895 226 972 morata
260 919 283 968 e
316 895 439 995 Satyro
466 889 529 964 ittt
549 887 772 993 Empedoclis
797 892 962 983 victorii,
993 889 1112 964 addit:
1136 891 1176 962 in

86 1015 284 1112 Pharorini
306 1041 343 1090 aa
364 1009 625 1090 conmentatils
648 1017 834 1116 mpsrime,
860 1037 948 1088 enm
961 1012 1025 1086 'ibi
1050 1013 1177 1090 civita-

86 1144 182 1215 tium
209 1139 333 1239 legatis
353 1135 497 1238 publice
518 1136 687 1212 soledos
708 1139 822 1212 missis
842 1139 925 1237 (τοῖς
949 1135 1082 1235 θεωροῖς)
1102 1134 1175 1207 im·

88 1262 240 1336 molasse
264 1257 395 1335 bovem
419 1283 444 1332 c
465 1259 631 1334 melleet
652 1261 768 1335 latina
796 1263 945 1336 lactum.
995 1235 1178 1358 Simplices

87 1409 173 1457 sane
183 1383 311 1482 dapes!
341 1381 570 1482 Splendidius
584 1403 670 1457 eum
683 1384 807 1458 fecisse
822 1397 944 1457 namt
954 1380 1178 1470 Athenaeus,

88 1507 136 1578 ita
158 1504 335 1580 scribens:
364 1503 622 1603 »Empedocles
635 1507 892 1607 Agrigentinus
907 1525 1021 1578 carru
1037 1498 1180 1600 (ἵπποις)

89 1627 277 1728 Olympiae
288 1630 421 1720 victor,
438 1639 483 1700 ut
500 1623 753 1728 Pythagoricus
769 1627 818 1701 ab
836 1623 1048 1712 animalium
1069 1648 1179 1698 carne

90 1749 290 1841 abstinens,
314 1773 338 1822 c
360 1748 526 1849 myrrha,
549 1759 654 1842 tuso,
674 1765 712 1824 st
733 1748 990 1850 pretiosissimis
1012 1747 1180 1854 aromati-

92 1869 157 1944 bus
181 1871 315 1947 bovem
343 1872 467 1944 lictum
489 1871 752 1971 gratulantibus
779 1869 1037 1973 spectatoribus
1059 1867 1180 1942 distri-

93 1991 169 2066 buit
182 1989 273 2066 ·¹⁵‚’'
321 1989 411 2066 Inde
434 1993 624 2086 nonnulli,
645 1996 751 2066 nimie
772 1995 811 2066 its
827 1992 896 2065 hoc
911 1989 1070 2082 creduli,
1091 1986 1181 2062 effe-

95 2129 243 2208 oorunt,
282 2115 403 2203 ambos
432 2130 471 2188 et
504 2135 616 2192 arum
646 2130 684 2190 et
715 2130 884 2214 nepotem
919 2111 1181 2214 Olympionicas

96 2235 219 2329 fuisse,
239 2237 394 2330 alterum
412 2237 581 2329 eelete,
601 2252 645 2313 ut
660 2240 823 2339 Solyma,
841 2237 998 2312 alterum
1022 2255 1181 2321 curru,

5 2409 6 2412 ,
95 2371 136 2429 ut
154 2359 364 2434 Athenaeus
385 2359 508 2434 scribit
527 2362 581 2440 ¹⁶,
606 2394 609 2402 ¹
633 2363 681 2434 At
698 2360 850 2434 eandem
867 2377 946 2437 tem
963 2355 1010 2431 ab
1026 2368 1182 2453 utroque

96 2469 280 2580 scriptore,
296 2482 362 2554 etsi
374 2479 513 2556 diverso
524 2481 650 2574 modo,
665 2483 810 2572 referri,
826 2495 898 2556 tota
916 2479 1073 2554 narratio
1085 2475 1183 2548 indi-

97 2616 168 2694 cat3
190 2615 373 2698 praeterea
391 2603 421 2674 si
436 2603 595 2680 diversae
615 2606 770 2684 luissent
785 2603 866 2676 illae
882 2603 1065 2694 victoriae,
1077 2614 1184 2674 utra-

96 2749 169 2820 que
184 2723 222 2794 in
235 2723 565 2824 Olympionicarum
587 2707 752 2825 catalogis
773 2739 968 2806 memorata
986 2723 1132 2812 fuisset,
1144 2721 1182 2792 in

96 2845 233 2944 quibus
259 2860 380 2920 tamen
407 2846 519 2920 unius
540 2862 685 2922 tantum
710 2847 935 2947 Empedoclis
959 2846 1094 2920 mentio
1116 2855 1180 2918 est.

98 2966 195 3040 Utris
228 2967 338 3063 igitur
368 2970 487 3067 potitae
519 2969 670 3042 testibus
705 2971 951 3062 erodendum,
985 2965 1184 3056 Aristoteli,

99 3189 270 3252 reportasset,
279 3183 345 3235 sicut
354 3183 482 3236 intellexit
492 3185 568 3252 boyla
578 3183 640 3240 inv.
650 3183 802 3250 Empedocla
812 3203 838 3238 n.
848 3189 876 3238 ll.
894 3186 944 3238 Sed
954 3185 1078 3253 deceptus
1088 3191 1141 3244 est,
1155 3191 1185 3234 ut

99 3275 221 3325 attentius
231 3271 324 3338 legenti
337 3270 411 3325 facile
424 3275 575 3344 apparebit,
591 3294 673 3346 quum
683 3275 807 3340 Diogenes
818 3275 876 3337 hic,
894 3275 982 3328 relatis
991 3275 1102 3326 aliorum
1114 3273 1185 3324 testi·

100 3364 201 3426 montis,
216 3363 304 3414 denuo
317 3356 465 3432 Apollodot'l
479 3368 654 3418 testimoninm
666 3365 702 3419 (le
711 3365 871 3435 Empedoclis
884 3379 979 3433 genere
990 3361 1122 3432 adjungat.

128 3452 182 3516 (rh)
198 3455 345 3506 amaracus
354 3445 414 3515 ΕΙ,
425 3470 447 3506 c.
459 3453 482 3508 l.
494 3473 520 3524 p,
533 3456 548 3511 3
559 3459 589 3510 Ε.
607 3458 681 3533 Illam
691 3456 789 3508 sactum
799 3464 830 3508 ut
840 3456 1027 3524 Pytlmgorieae
1035 3453 1185 3522 disciplinae

100 3544 223 3595 indicium
242 3547 371 3596 memorat
389 3545 558 3599 Philostratus
574 3548 621 3601 vit.
640 3547 756 3620 Apollon.
769 3549 789 3610 Ι,
811 3563 835 3598 e.
856 3563 876 3610 r,
890 3564 914 3615 p.
928 3545 955 3607 3,
976 3543 1009 3596 de
1031 3543 1186 3614 Empedocle

100 3635 217 3706 loquens:
235 3637 283 3686 nol
296 3636 310 3686 ὁ
323 3639 352 3688 ir
362 3633 504 3706 Ὀλυμπίᾳ
517 3644 599 3706 βοῦς,
617 3641 646 3693 ὃν
661 3641 774 3707 liparas
785 3642 883 3705 πέμμα
896 3639 1078 3706 ποιησάμενος
1089 3639 1188 3694 θῦσαι,

103 3731 138 3780 τὰ
145 3729 321 3800 Πυθαγόρου
332 3732 514 3793 ἐπαινοῦντος
525 3737 571 3804 εἴη
580 3735 622 3802 ἄν,
633 3735 738 3798 Hippo
748 3742 800 3784 tam
810 3730 964 3784 sacrificium
976 3747 990 3781 e
1000 3727 1076 3780 melle
1085 3736 1111 3779 et
1118 3726 1187 3776 sarre

101 3835 178 3888 quam
192 3837 225 3874 ex
235 3823 395 3874 aromatibus
407 3825 551 3891 siguificare
565 3835 658 3896 potest
685 3827 834 3878 hiemarent
845 3823 924 3874 etiam
936 3821 1026 3873 suidas
1037 3821 1064 3872 in
1076 3836 1102 3875 r·
1113 3815 1187 3883 Ἐμ-

104 3914 243 3983 astartae
264 3921 292 3964 et
308 3929 333 3964 v.
355 3913 520 3983 Ἀθήναιος,
540 3915 688 3986 Philostrati
708 3926 736 3969 et
756 3902 880 3968 Athenaei
901 3913 1048 3971 testimonia
1071 3919 1189 3975 secutus¹

104 4005 218 4058 baruth
236 4005 325 4074 Odyss
341 4029 366 4074 y,
376 4023 402 4076 p.
417 4008 480 4072 ¹454
490 4011 564 4060 Rom.
574 4007 719 4060 etsnrtasse
731 4008 781 4060 alll.

136 4097 195 4166 (16)
212 4099 326 4166 Bouamy
337 4099 355 4148 l.
368 4099 386 4149 l.
399 4117 424 4168 p.
436 4100 483 4164 67,
495 4099 571 4166 bayle
583 4099 644 4152 item
656 4097 672 4151 l.
687 4098 703 4148 l.
736 4121 742 4132 ·
