2756 4912
498 417 675 470 cunutus.

13 583 111 659 tuter
136 584 313 684 principes
338 584 564 662 terrestribus
589 585 795 664 hominibus
817 593 1012 684 exsistunt,

77 703 252 806 equibus
275 707 445 780 oriuntur
468 706 518 782 dii
541 707 742 785 honoribus
764 712 1028 812 praeoellentes.

75 1193 328 1270 immortalium
348 1194 518 1272 oonviotu
536 1193 701 1274 fruentes
720 1207 758 1270 et
779 1196 876 1273 inter
896 1223 1040 1278 mensae
1060 1201 1187 1300 gaudia

74 1316 239 1390 humanis
264 1319 370 1394 vacui
395 1316 599 1406 aerumnis,
623 1316 688 1391 fati
712 1319 875 1420 seniique
900 1322 1092 1398 immunes.

395 1759 551 1832 Quies
577 1761 776 1832 Lusrsssu.

519 1977 644 2044 (um)

109 2164 141 2237 0
166 2166 292 2254 amici,
316 2167 380 2264 qsri
407 2186 536 2264 magna
560 2161 644 2240 flavi
667 2164 876 2264 derogantis
900 2171 1040 2241 moenis

7 2279 212 2380 i90.inoolitis
235 2289 379 2363 summd
403 2287 441 2359 in
465 2284 566 2358 urbis
588 2299 709 2385 parte,
732 2285 926 2362 honestatis
949 2287 1118 2381 studiosi,

65 2432 231 2506 generosa
254 2406 437 2508 hospitum
460 2407 617 2507 refugia,
640 2409 825 2507 pravitatis
849 2411 1047 2504 immunes,

65 2529 201 2607 salvete!
215 2555 279 2632 ego
290 2528 388 2608 vobis
398 2556 471 2604 non
481 2528 637 2628 amplius
647 2527 805 2602 mortalis
814 2527 876 2602 sed
887 2526 1099 2603 immortalis
1109 2528 1200 2604 deus

64 2675 181 2726 versor
205 2652 303 2725 inter
326 2673 449 2726 omnes
473 2651 686 2742 honoratus,
711 2662 755 2724 ut
780 2675 845 2750 par
869 2664 936 2741 est,

64 2774 155 2848 vittis
179 2774 321 2850 cinctus
344 2773 520 2874 sertisque
543 2769 761 2846 virentibus:

6 2887 55 2988 i95.
68 2922 224 2996 quorum
245 2895 465 2996 simulatque
487 2894 697 2970 intraverim
717 2893 886 2968 florentes
912 2893 1038 2985 nrbes,

62 3018 189 3094 aviris
209 3031 247 3092 et
271 3015 484 3092 mulieribus
508 3015 679 3106 honoror,
699 3017 765 3116 qui
787 3041 848 3090 me
869 3017 1087 3092 comitantur

62 3139 258 3233 innumeri,
286 3153 535 3240 percontantes
562 3164 657 3238 quae
680 3138 725 3212 ad
748 3138 900 3218 salutem
925 3138 1146 3232 conducant,

62 3260 117 3335 atii
144 3263 311 3339 vaticinia
337 3275 541 3362 poscentes,
565 3259 625 3334 alii
651 3260 875 3350 morborum,

52 3379 122 3457 diu
146 3384 287 3484 quippe
312 3385 424 3461 saevis
447 3384 594 3458 cruciati
619 3381 816 3474 doloribus,

6 3737 52 3808 mir
75 3746 148 3813 biset
170 3749 218 3814 663
240 3751 412 3818 posteriorem
430 3749 500 3802 hune
520 3765 559 3802 rs.
575 3747 624 3816 392
644 3749 759 3799 afferunt
777 3745 840 3796 item
860 3743 1031 3798 Philostratus
1050 3746 1134 3817 Apoll.
1150 3747 1196 3802 rit

7 3848 47 3897 ιη
62 3836 190 3892 iaciamus
206 3857 257 3909 pro
276 3841 351 3910 lapsu
371 3841 441 3894 inter
456 3839 533 3893 saint.
544 3837 574 3892 Τ.
588 3841 616 3902 l,
632 3853 658 3908 p.
675 3834 731 3901 726.
743 3835 841 3887 itemst,
874 3833 1008 3888 cedrenus
1021 3836 1118 3890 chron.
1132 3836 1196 3898 nt,

6 3919 65 3988 i'¹573
76 3926 166 3982 tatur
183 3930 281 3999 Empir.
298 3929 357 3984 adr.
369 3929 452 3984 natta
464 3932 494 3994 1,
505 3947 525 3983 s.
537 3929 599 3992 dos,
611 3943 695 3998 utque
704 3925 738 3978 ad
748 3926 900 3990 τετιμένος.
911 3924 954 3976 Vs.
966 3924 1015 3994 391
1029 3931 1124 3988 tatem
1135 3928 1196 3980 κτλ.

6 4021 72 4068 *tius
81 4027 117 4071 est
130 4037 147 4074 e
159 4020 276 4073 itiodoro
287 4020 338 4074 stc.
351 4021 435 4086 Xlli,
444 4021 530 4076 83.st
544 4020 595 4089 399
612 4022 699 4090 δηρὸν
717 4020 756 4089 δὴ,
773 4018 832 4071 κτλ.
842 4017 1003 4096 eclemente
1016 4021 1084 4073 Alex.
1100 4021 1195 4074 Strorn.

6 4097 25 4157 i,
39 4120 56 4170 P·
72 4105 120 4162 630
133 4111 164 4162 D.
