2768 4916
407 381 491 432 vrrs
514 383 562 430 nr
584 381 731 432 swnus.
1073 371 1112 432 17

57 555 115 627 tino
133 552 244 625 locum
266 551 418 650 petenti,
435 550 475 624 in
492 576 568 651 quo
586 549 679 648 patri
697 563 843 650 propter
865 548 1113 626 excellentiam
1209 629 1212 634 ,

57 675 84 746 in
104 671 163 746 hac
185 687 259 747 arte
279 686 560 747 monumentum
582 684 800 763 exstrueret,
821 669 958 746 obstitit
978 669 1116 765 dioens,

58 795 142 868 talem
158 820 231 869 rem
249 795 386 871 civium
402 792 626 895 aequalitati,
646 792 692 868 de
708 819 783 892 qua
799 791 915 868 multa
932 791 1115 888 disseruit,

57 917 240 990 contrariam
265 943 355 1008 esse,
383 917 578 1018 ipsumque
602 914 670 990 hac
692 915 968 1014 interrogatione
992 911 1118 992 incre-

58 1039 132 1136 puit:
152 1037 304 1132 »Quale
319 1039 455 1139 inquit,
470 1035 628 1137 elogium
646 1049 884 1112 monumento
897 1035 1117 1112 incidemus?

57 1185 127 1232 num
146 1160 212 1234 tale
236 1160 401 1232 fortasse:

92 1282 176 1381 lepor
198 1283 302 1380 ἰητρὸν
319 1275 457 1380 ’Ἄκρων’
480 1280 736 1381 Ἀκραγαντῖνον
761 1282 889 1379 πατρὸς
914 1281 1016 1380 ἄκρου

92 1411 212 1505 aptaret
235 1406 374 1504 apamia
398 1404 497 1502 tapes
520 1401 681 1502 amita
706 1401 896 1502 ἀκροτάτης
914 1415 972 1480 ⁴².

59 1528 223 1623 significans
240 1527 300 1600 his
321 1526 438 1618 dictis,
466 1526 613 1599 Acronis
631 1539 914 1600 monumentum
934 1527 1118 1628 Agrigenti

61 1644 196 1723 libertatis
220 1647 432 1748 sepulcrum
457 1647 546 1721 fore.
597 1647 682 1721 Post
705 1645 938 1746 Empedocles
963 1671 1006 1722 eo
1030 1673 1120 1746 pro-

62 1769 150 1862 oessit,
173 1786 215 1846 ut
239 1769 341 1844 mille
366 1771 530 1846 virorum
556 1783 700 1843 coetum
726 1768 792 1868 qui
815 1782 887 1842 tres
910 1794 1022 1844 annos
1046 1771 1119 1845 cir·-

64 1890 123 1962 cter
140 1906 283 1968 steterat
305 1890 511 1966 dissolveret
528 1898 592 1964 ⁴³.
732 1893 734 1900 ‘

99 2010 172 2086 llaec
181 2018 263 2088 satis
274 2039 404 2113 magna
412 2011 551 2104 indicia,
559 2011 948 2113 Empedoclempopuli
957 2014 1121 2114 partibus

74 2131 182 2210 otiose
192 2136 362 2211 deditum
372 2136 494 2210 fnisse.
512 2133 651 2208 Clarius
661 2159 748 2210 vero
758 2135 865 2208 etiam
876 2147 950 2208 tam
961 2136 1120 2238 aequali-

71 2254 121 2327 tatis
131 2256 200 2356 ejus
215 2286 330 2360 quam
347 2257 563 2332 auctoritatis
580 2254 791 2354 exemplum
807 2255 875 2330 hoc
888 2271 1120 2332 memoratur.
1199 2317 1205 2328 ,

68 2374 160 2467 Quum
175 2383 207 2454 ei
226 2407 247 2452 a
265 2376 495 2478 suiscivibus
512 2382 667 2478 regnum
683 2377 890 2473 offerretur,
911 2377 1123 2478 deprecatus

68 2503 243 2590 atrivilem
262 2499 544 2574 mediocritatem
560 2497 657 2598 regio
672 2495 810 2598 fastigio
826 2513 1063 2604 anteponens,
1080 2513 1123 2575 ut

66 2613 199 2698 Xanthus
226 2639 263 2697 et
290 2622 462 2694 Timaeus
488 2619 668 2708 referunt.
718 2621 838 2694 Etiam
863 2620 909 2696 ab
935 2621 1123 2696 Aristotele

66 2745 248 2820 rontinentia
266 2745 346 2846 ejus
363 2757 399 2817 et
418 2740 612 2843 aequalitas
628 2740 792 2815 laudatae
811 2757 898 2816 sunt
914 2751 973 2815 ⁴⁴.
1021 2742 1122 2817 Idem

88 2923 132 2988 (ta)
145 2923 287 2995 Diogeni..
304 2929 387 2989 vtrl,
397 2924 444 2990 653
459 2925 569 2993 Royan
584 2925 666 2978 Miles.
677 2924 740 2976 ibid.
771 2925 810 2976 De
820 2925 1005 2995 epigrammate
1016 2927 1121 2980 dicetur

67 3009 118 3064 isira.
139 3017 268 3072 Caeterum
282 3016 362 3068 etiam
371 3014 459 3066 haece
470 3013 576 3064 Timaeo
591 3013 683 3063 hausta
695 3012 827 3066 videntur.

87 3102 130 3168 (li)
144 3105 243 3172 Diogen.
251 3107 340 3158 Laert.
351 3121 372 3155 s.
385 3103 433 3157 662
447 3106 563 3175 ὕστερον
575 3103 608 3156 δὲ
620 3104 635 3154 o‘
647 3101 847 3174 Ἐμπεδοκλῆς
859 3107 907 3158 sal
918 3109 952 3158 τὸ
962 3107 1018 3159 τῶν
1029 3107 1124 3176 χιλίων

68 3187 175 3263 ἄθροισμα
189 3198 337 3260 κατέλυσε,
356 3198 489 3256 συνεστὼς
502 3199 549 3250 ἐπὶ
565 3197 615 3266 ἔτη
629 3200 704 3266 τρία.
726 3195 859 3248 Postrema
871 3197 952 3250 verba
963 3197 1031 3252 mate
1041 3200 1124 3253 vertit

68 3282 202 3340 lleiborniusa
224 3292 364 3340 constituto
386 3291 497 3340 tra'aaaii
520 3293 692 3358 mapistrutu3
714 3287 849 3347 συνεστώς
869 3285 992 3340 videlicet
1008 3287 1125 3354 reserens

70 3373 92 3424 td
104 3374 299 3450 Ἐμπεδοκλῆς,
321 3388 349 3431 et
366 3381 451 3431 activa
469 3388 600 3446 potestate
617 3380 762 3448 accipiens,
787 3379 859 3452 quod
875 3396 928 3430 non
947 3377 999 3430 lert
1021 3377 1124 3447 linguae

71 3476 118 3517 ⁰¹11&
139 3475 168 3523 ln
181 3475 291 3526 eundem
306 3487 425 3523 errorem
435 3470 526 3522 incidit
538 3473 663 3538 Donamy,
680 3487 705 3540 p.
717 3470 759 3522 61.
788 3469 909 3522 Dubitari
921 3476 1008 3520 tamen
1023 3477 1124 3537 potest,
1221 3527 1225 3534 ι

72 3559 135 3608 utrum
151 3564 370 3634 interpretandum
392 3561 426 3612 ait
446 3568 563 3612 senatum
582 3562 612 3610 in
634 3568 686 3612 tres
706 3577 787 3611 aanor
803 3561 906 3616 laetam,
936 3573 970 3608 an
994 3565 1126 3626 postquam

71 3655 103 3701 lt?
116 3652 240 3704 tanaim
256 3656 378 3704 aratiam.
397 3649 461 3702 Mihi
471 3651 543 3718 prius
558 3648 653 3701 horum
667 3651 752 3701 minua
765 3649 900 3719 probabile
908 3646 1018 3703 videtur.
1037 3651 1127 3702 Gaetu·

73 3742 114 3782 mm
127 3739 194 3792 etiarn
213 3741 364 3812 Colophone
384 3741 410 3794 al
428 3741 512 3809 χιλίοι
529 3742 582 3793 sive
596 3740 799 3805 mille'virorum
816 3747 920 3794 senatus
938 3746 1125 3793 memoratura

74 3816 199 3894 Xenophane
210 3840 237 3883 et
248 3831 418 3902 'lheopompo
433 3833 498 3900 (rid.
516 3831 669 3899 Xenophon.
689 3831 722 3882 lr.
740 3846 766 3899 p.
777 3827 812 3882 65
822 3845 946 3899 sq.·meaa
957 3830 1045 3898 sdit.);
1062 3831 1128 3882 item

76 3905 170 3970 latone:
179 3922 309 3974 Jamblich.
321 3923 367 3974 vit.
377 3923 450 3992 Pytla.
465 3941 483 3976 a.
496 3921 537 3984 45;
546 3921 633 3973 valer.
646 3921 713 3972 Max.
723 3919 794 3982 vm,
806 3918 845 3981 15,
854 3928 909 3974 ext.
922 3938 943 3972 r.
956 3921 995 3973 Cf.
1003 3920 1125 3977 Metam.

26 4025 27 4028 ¹
77 3993 139 4054 tect.
156 4007 259 4062 (Πίον.
278 4013 306 4080 Τ.
323 4014 344 4078 Ι,
365 4030 391 4082 p.
411 4011 475 4082 3963
495 4013 540 4066 eit.
557 4010 659 4064 Gtillero
678 4010 706 4062 ia
722 4011 821 4063 Timaei·
835 4010 867 4064 lr.
883 4027 909 4080 p.
928 4027 984 4064 aro.

98 4087 140 4156 (tlt
154 4099 579 4170 mudniogennasravmase.
588 4100 709 4154 xanthus
717 4099 943 4166 tristemoria..
954 4097 1129 4169 theophrasti

111 4187 164 4264 lll.
980 4217 1002 4264 2
