2796 4914
1374 3 1387 12 Ἴ

1386 57 1387 67 r

1388 197 1389 204 r

1388 259 1389 270 l

283 394 346 458 ³24
491 463 494 467 ,
677 410 724 456 nn
749 408 966 457 nurnnocnrs

283 572 599 648 ¹ratiocinabantur:
621 574 807 647 misturam
826 574 922 647 illam
944 575 1071 648 conflat
1094 577 1270 672 Amicitia,
1286 581 1336 654 dis·
1387 645 1389 658 ,

216 671 228 805 ,l
282 696 372 794 sipat
394 693 590 788 Discordia3
617 719 701 793 ergo
733 695 800 768 hae
833 695 958 770 ambae
978 699 1032 770 'ut
1054 696 1244 772 allicientes
1266 701 1336 776 vires
1387 781 1389 792 ⁴

212 808 220 949 ξ
282 816 344 889 illa
367 831 540 916 tanquam
574 817 721 888 materie
743 816 879 914 priores
903 832 998 890 sunt.
1048 818 1141 891 Hinc
1162 821 1336 920 Empedocli
1387 793 1389 870 l

166 933 168 938 ¹
210 954 215 980 ²
283 939 455 1036 placuisse
477 936 667 1028 dixerunt,
685 935 847 1038 ἐνέργειαν
866 939 903 1036 (i.
925 966 960 1014 e.
982 953 1106 1012 actum
1127 944 1202 1015 sive
1222 955 1337 1042 agentes

284 1060 392 1158 vires)
413 1060 569 1158 priorem
589 1086 791 1162 essequam
811 1060 946 1156 δύναμιν
966 1064 1003 1160 (i.
1026 1064 1337 1157 epotantiomsive

284 1181 487 1280 materiem)
505 1195 566 1253 4¹:
603 1210 676 1284 qua
704 1185 840 1259 ratione
869 1187 907 1258 in
939 1185 1126 1261 diversum
1156 1184 1261 1283 plane
1281 1211 1337 1258 sen·

284 1305 465 1403 sumejus
484 1307 610 1403 placita
632 1305 868 1382 detorserunt.
900 1343 903 1350 ⁴

334 1430 428 1526 Ergo
449 1425 526 1519 illa,
554 1453 665 1526 quam
690 1431 858 1526 exposui,
886 1428 1080 1503 Aristotelis
1105 1443 1142 1502 et
1165 1425 1338 1500 Aristoteli·

284 1575 411 1625 corum
435 1548 619 1646 explicatio
643 1547 717 1623 huc
746 1550 824 1624 fere
846 1550 957 1624 redit:
989 1548 1240 1648 Empedoclem
1263 1546 1339 1647 prin·

283 1675 417 1773 cipium
436 1670 600 1744 omnium
617 1672 779 1760 statuisse
797 1672 1000 1770 sphaeram,
1019 1688 1063 1745 ut
1081 1662 1232 1746 naturae
1250 1677 1339 1742 mate·

283 1798 374 1869 riem
390 1791 592 1866 inchoatam
612 1807 649 1864 et
667 1794 837 1885 inertem,
848 1792 1071 1868 diversarum
1091 1795 1227 1866 semina
1242 1815 1339 1866 rerum
1388 1853 1389 1858 ,

284 1916 524 2016 complexam,
550 1915 590 1986 in
611 1913 678 1986 hoc
706 1928 828 1987 autem
850 1917 1046 2013 praecipue
1066 1941 1242 2013 peccasse,
1267 1912 1340 2016 quod

262 2061 266 2068 ·
284 2064 405 2112 unum
421 2050 458 2110 et
475 2061 617 2110 concors
635 2033 726 2110 illud
743 2036 868 2127 faciat,
888 2051 925 2110 et
944 2050 1064 2110 mmcu
1084 2035 1260 2112 discordes
1274 2064 1341 2138 qua·

283 2162 401 2236 litatcs
421 2160 627 2258 formasque
649 2157 683 2230 ei
709 2156 894 2232 attribuat.
939 2158 1101 2232 Eandem
1124 2159 1342 2258 interpretati·

282 2309 389 2358 onem
418 2276 620 2377 complures
648 2279 823 2353 seriorum
856 2279 1010 2377 amplexi
1043 2294 1149 2372 sunt,
1181 2281 1343 2378 sphaeram

283 2406 335 2479 nil
356 2403 424 2476 nisi
445 2399 549 2474 chaos
573 2400 866 2498 interpretantes,
887 2414 930 2474 ut
952 2400 1186 2493 Moshemius‚
1207 2400 1343 2478 Brucla·

286 2554 366 2618 rus,
396 2522 578 2615 Sturzius,
610 2522 739 2595 alii42.
791 2524 953 2596 Profecto
980 2522 1128 2623 quidem
1158 2524 1346 2609 fatendum,

284 2646 473 2746 sphaeram
500 2643 720 2743 principium
741 2671 816 2720 esse
838 2643 939 2719 unde
960 2648 1298 2738 cuncta-exsistant,
1318 2657 1345 2718 et
1386 2691 1388 2746 ,

285 2783 436 2842 catenus
466 2767 635 2840 materiae
660 2766 780 2848 locum
813 2766 997 2857 obtinere3
1023 2781 1057 2840 at
1079 2767 1175 2841 idem
1198 2784 1251 2843 est
1275 2793 1345 2867 per-

22 2953 66 2982 ,U
141 2942 181 2980 ,f
286 2889 449 2981 fectum,
487 2887 584 2960 idem
621 2889 741 2962 Deus:
776 2890 942 2989 quocirca
981 2888 1214 2987 Empedocles
1251 2887 1346 2986 majus
1387 2863 1388 2892 ¹

156 2993 253 3116 mss,
285 3035 370 3082 sane
398 3009 548 3109 quidet
575 3009 702 3084 celsius
733 3011 939 3108 cogitaverit
958 3036 1071 3109 quam
1100 3009 1197 3084 iners
1224 3009 1344 3109 pondus

284 3131 523 3214 informemve
549 3133 754 3225 materiem,
782 3145 823 3204 ut
847 3131 898 3206 illi
919 3129 1110 3230 appellant.

784 3293 901 3416 sss

335 3545 391 3620 Ab
416 3548 490 3621 aliis
514 3571 598 3624 vero
622 3573 742 3621 unum
763 3546 964 3646 explicatur
987 3552 1026 3625 alt
1047 3551 1229 3643 accurando,
1248 3547 1348 3625 veluti

300 3727 302 3734 ¹
318 3737 378 3802 (dr)
395 3735 465 3788 Alex.
484 3731 599 3806 Aphrod.
619 3736 646 3787 in
665 3736 743 3789 Arist.
763 3736 877 3808 uerapc
889 3757 915 3810 p.
927 3740 1010 3795 aeter
1020 3743 1078 3806 3843
1089 3743 1175 3795 Schoh
1189 3743 1258 3796 Arist.
1269 3734 1350 3791 cnud.
1386 3721 1387 3762 l

288 3843 316 3892 p.
328 3825 376 3878 803
388 3843 411 3889 a;
422 3827 517 3878 ducem
526 3827 607 3879 menti
618 3826 703 3895 ipsum
717 3827 888 3893 Aristotelem,
898 3831 1014 3902 Metaph.
1024 3833 1072 3891 XI,
1084 3833 1110 3896 6,
1120 3851 1145 3903 p.
1159 3834 1203 3897 7dr
1215 3829 1318 3892 Eraria
1326 3824 1353 3876 dc

286 3912 337 3964 hoc
349 3913 535 3983 disputantem.
800 3943 803 3954 ·

319 4003 377 4068 (ha)
393 4002 518 4057 Moshem.
536 4004 570 4056 ad
588 4003 736 4058 Gudrrorth.
755 4007 822 4075 Syst.
839 4009 924 4064 Intell.
939 4012 967 4062 Τ.
981 4013 1004 4064 1.
1019 4028 1045 4082 p.
1059 4029 1108 4065 arc
1120 4031 1158 4085 sq.
1190 4009 1308 4065 Bmckcr.
1327 4005 1354 4058 td

288 4090 400 4161 Scipion.
414 4091 496 4164 Aquil.
508 4092 540 4146 de
552 4093 622 4149 Plac.
634 4095 724 4164 philos.
736 4112 760 4165 p.
779 4095 833 4158 145.
869 4100 952 4152 Stura.
965 4101 1072 4171 Empod.
1085 4119 1113 4171 p.
1130 4101 1183 4165 251,
1197 4105 1238 4155 281
1252 4119 1289 4170 sq.
