2796 4914
490 451 730 503 rmnosornu.
1083 433 1144 504 ³61

72 621 272 697 Discordiae
309 620 515 720 praecipuas
549 619 674 692 tribuit
706 632 842 720 partes,
879 619 991 692 multa
1028 634 1148 696 tamen

73 742 270 819 necessitati
293 757 329 816 et
348 744 444 815 casui
467 741 610 842 reliquit
627 752 705 814 1⁴⁴,
748 741 906 813 Fortuna
929 756 1049 815 autem
1074 745 1149 818 sive

75 892 179 942 casus
210 865 298 965 quid
327 879 389 940 aut
419 863 526 966 quale
551 861 597 936 sit
624 886 698 935 non
727 861 922 960 quaesivit,
949 887 1017 934 nec
1038 863 1149 962 ipsam

74 1002 249 1088 tanquam
277 1013 435 1062 caussam
467 999 630 1084 agentem
662 982 720 1060 vel
744 983 854 1056 Deam
877 997 1027 1056 naturae
1051 983 1150 1057 arhi-
1175 991 1180 1002 '

72 1123 168 1180 tram
189 1109 332 1183 induxit
346 1119 425 1182 ²⁴⁵.
457 1123 461 1130 '

123 1229 232 1321 Quod
254 1229 297 1302 ad
318 1229 631 1303 necessitatem
653 1226 794 1320 attinet,
815 1226 925 1327 hujus
947 1229 1033 1302 item
1054 1227 1150 1325 apud
1241 1241 1244 1250 '

75 1349 328 1449 Empedoclem
357 1349 496 1447 saepius
524 1347 660 1422 mentio
682 1350 730 1421 lit.
780 1346 843 1421 Illa
864 1362 916 1421 est
936 1374 1030 1449 quae
1052 1337 1150 1421 Ami·

76 1470 181 1544 citiae
202 1485 238 1545 et
259 1469 458 1544 Discordiae
481 1471 573 1545 vires
599 1471 698 1569 regit,
722 1494 817 1568 quae
840 1468 968 1543 mundi
990 1469 1150 1542 ordinem

76 1606 112 1666 et
133 1593 384 1674 mutationem,
403 1617 499 1692 quae
521 1616 644 1664 rerum
666 1591 871 1665 mortalium
894 1589 1152 1665 vicissitudines

75 1711 171 1787 certa
194 1711 271 1811 lege
295 1712 510 1786 moderatur.
557 1695 716 1786 Deorum
738 1711 877 1786 decreta
896 1711 1048 1809 appellat
1070 1713 1089 1784 f
1092 1713 1153 1785 ati

74 1833 187 1933 jussa,
228 1847 357 1907 mutuo
385 1832 465 1932 jure
495 1832 648 1932 jurando
685 1834 837 1924 sancita,
868 1831 1003 1933 quihus
1030 1858 1153 1906 omues

74 1954 323 2053 obtemperant
339 1957 418 2028 ¹⁴⁶.
456 1953 548 2027 Hinc
565 1953 735 2052 placitum
746 1953 953 2052 Empedocli
964 1953 1153 2046 tributum,

74 2075 218 2149 »omnia
252 2075 325 2147 fato
357 2073 434 2148 fieri
467 2074 535 2164 ita,
567 2089 611 2148 ut
639 2074 675 2146 id
699 2075 815 2148 fatum
843 2075 917 2147 vim
941 2076 1154 2148 necessitatis

76 2195 258 2287 afferret,’'
283 2209 325 2267 ut
349 2195 474 2268 Cicero
498 2194 602 2285 dicit,
625 2196 690 2295 qui
715 2210 751 2268 et
775 2194 858 2268 ahos
884 2210 1047 2271 veterum
1063 2195 1155 2296 phy-

75 2321 227 2392 sicorum
246 2317 340 2391 idem
357 2318 503 2390 sensisse
524 2316 648 2407 tradit,
672 2331 715 2390 ut
732 2316 951 2390 Heraclitum
968 2332 1005 2392 et
1020 2319 1155 2392 Demo-

75 2441 205 2512 critum
227 2445 305 2510 ¹⁴⁷.
358 2437 558 2535 Simplicius
581 2437 832 2510 Necessitatem
857 2463 934 2558 una
948 2464 1033 2513 cum
1051 2440 1155 2512 Ami-

75 2561 155 2632 citia
172 2572 210 2632 et
226 2557 402 2632 Discordia
419 2560 513 2631 inter
530 2556 720 2631 efficientes
738 2583 878 2632 caussas
893 2573 1060 2632 numerat
1076 2563 1154 2629 141.

75 2681 178 2772 Quae
202 2693 324 2753 autem
350 2681 393 2752 sit
417 2677 514 2750 illius
537 2693 667 2752 natura
692 2692 728 2750 et
750 2679 821 2764 ris,
843 2704 972 2777 parum
989 2693 1156 2753 constan-

76 2811 130 2870 ter
148 2792 339 2872 definiunt.
392 2797 563 2872 Stohaeus
585 2800 716 2899 aliique
736 2801 791 2891 rip
809 2802 917 2876 odoini
932 2804 990 2891 τῆς
1006 2797 1155 2901 ἀνάγκης

76 2918 276 2992 secundum
293 2918 544 3018 Empedoclem
562 2918 655 2991 hanc
672 2945 747 2994 esse
764 2921 902 2994 dicunt:
922 2922 1028 2998 cirico
1044 2951 1155 3023 χρησ-

77 3040 164 3130 τικὴν
184 3043 248 3114 τῶν
273 3039 389 3139 ἀρχῶν
412 3043 468 3113 aot
495 3049 557 3114 τῶν
582 3043 759 3140 στοιχείων
780 3052 857 3119 141.
890 3045 913 3116 i.
941 3071 972 3117 e.
997 3070 1155 3119 caussam

75 3187 169 3259 quae
189 3177 340 3235 naturae
356 3161 490 3238 viribus
507 3175 543 3235 et
561 3162 746 3236 elementis
764 3166 890 3260 utitur,
908 3167 983 3240 sive
999 3192 1040 3239 ea
1056 3168 1154 3268 regit:
1197 3193 1201 3201 ·

112 3343 185 3410 (144)
202 3345 308 3396 Praeter
318 3345 388 3396 locos
402 3345 543 3410 Aristotelis
556 3354 583 3397 et
595 3346 728 3414 Philoponi
739 3349 794 3399 citt.
806 3365 883 3418 supro
897 3364 922 3416 p.
935 3346 1072 3417 3311911.
1086 3349 1155 3400 Aris·

79 3432 171 3485 tontes
181 3434 255 3505 Phys.
270 3436 309 3496 ΙΙ,
323 3436 337 3494 4
349 3443 376 3486 et
385 3437 414 3496 6,
430 3452 456 3503 p.
467 3435 514 3486 166
526 3443 552 3486 et
564 3435 611 3503 269
622 3453 659 3506 tq.
673 3436 783 3505 Simplic.
801 3421 873 3505 Phys}
883 3441 923 3503 11,
937 3437 953 3488 f.
965 3437 996 3489 83
1007 3439 1040 3496 Β,
1054 3437 1155 3508 aliique.

110 3522 181 3589 (145)
198 3525 302 3575 aristot.
327 3524 344 3574 l.
370 3523 386 3574 l.
406 3524 520 3577 Themist
546 3524 620 3591 Phys.
644 3541 712 3575 ausc.
738 3529 774 3578 11.
798 3527 815 3578 f.
841 3527 872 3578 25
897 3531 928 3578 B:
955 3533 1100 3591 φαίνονται
1123 3529 1157 3588 ὥς

79 3613 330 3680 etauctoritatem
347 3615 428 3682 λόγον
444 3618 625 3683 πεποιημένοι
638 3619 706 3685 περὶ
724 3617 883 3692 αὐτῆςιῂῆς
892 3621 998 3691 τύχης),
1017 3624 1065 3674 οὐκ
1082 3622 1157 3688 Ἐμ-

5 3759 8 3774 ‚
79 3709 229 3777 πεδοκλῆς,
249 3709 297 3761 οὐκ
310 3705 520 3778 ι’Λναξαγόρας,
539 3708 587 3760 οὐκ
606 3708 687 3768 ἄλλος
705 3730 754 3769 τις.
771 3709 803 3760 cf.
823 3713 919 3782 Philop.
939 3713 1013 3781 Phys.
1032 3717 1072 3775 ΙΙ,
1091 3716 1118 3777 G,
1133 3734 1156 3786 9.

114 3799 185 3866 (146)
202 3802 259 3852 vid.
271 3801 378 3868 Emped.
390 3816 438 3851 vss.
455 3817 464 3850 1
481 3817 517 3871 sq.
538 3800 570 3853 68
585 3809 612 3852 et
626 3801 667 3870 69.
678 3802 710 3853 cl.
724 3802 810 3871 simpt
823 3803 900 3870 Phys.
914 3805 986 3865 vul,
1000 3804 1016 3855 f.
1033 3807 1118 3867 1716.

116 3891 185 3956 (147)
201 3892 254 3943 Cic.
270 3890 302 3942 de
320 3893 395 3953 Fato,
411 3907 436 3940 c.
464 3907 503 3954 17,
522 3891 566 3942 ubi
585 3908 634 3961 pro
653 3893 804 3944 Aristoteles
824 3891 843 3946 s.
861 3893 908 3959 leg.
929 3897 1103 3963 Aoocaporas.

115 3978 184 4043 (148)
201 3979 313 4050 simplic.
332 3980 407 4048 Phys.
427 3983 480 4042 ΙΙΙ,
499 3981 516 4033 f.
538 3997 583 4044 ¹⁰7
602 3983 631 4030 Α.
651 3989 717 4033 extr.
735 3985 737 3988 ’
1190 4051 1192 4056 ,

116 4067 187 4136 (149)
202 4069 271 4122 Stoh.
295 4071 349 4122 Ecl.
370 4073 398 4131 Ι,
423 4070 445 4122 5.
462 4087 488 4139 p.
509 4070 564 4123 160.
594 4071 724 4123 Plutarch.
743 4071 776 4124 de
793 4072 862 4124 Plac.
880 4073 940 4141 phil.
958 4075 983 4135 Ι,
1007 4074 1050 4141 16;
1074 4075 1158 4127 Galen.

82 4155 152 4207 Hist.
166 4157 225 4228 phil.
246 4177 268 4214 c.
287 4160 318 4214 Χ.
357 4161 426 4214 hlter
444 4160 545 4216 Stohaei
564 4160 643 4224 locus,
660 4165 683 4228 1,
700 4163 723 4216 3.
742 4179 769 4233 p.
785 4163 825 4226 60,
845 4170 983 4234 corruptus
1001 4173 1045 4218 est.
