2878 4904
523 425 766 476 rmuosoruu.
1122 405 1188 472 369

103 593 119 668 cl
144 593 300 688 Ἐφέσιος
319 595 395 666 ¹⁶⁹.
449 591 653 666 »Mundum
676 606 803 666 natum
818 616 896 666 esse
912 614 1036 664 omnes
1050 585 1189 690 physici

101 717 248 807 dicunt,
280 713 340 790 sed
368 727 495 786 natum
523 711 581 784 alii
611 738 751 812 semper
779 713 911 788 durare
938 725 1104 806 censent,
1124 699 1189 786 'alii

102 841 253 912 interire
274 851 317 910 ut
334 835 437 910 aliam
457 833 657 936 quamlibet
677 850 827 911 naturae
846 861 940 927 rem,
961 837 1021 910 alii
1041 835 1187 910 alternis

73 989 76 996 ’
103 959 210 1036 modo
234 957 273 1030 in
299 959 406 1051 hanc,
431 957 535 1034 modo
559 958 597 1029 in
621 955 719 1030 illam
743 955 877 1032 mutari
902 959 1069 1056 figurem,
1084 957 1188 1032 iden·

102 1082 216 1156 tidem
251 1093 513 1170 senescentem,
545 1101 699 1178 eamque
735 1078 1014 1154 vicissitudinem
1048 1104 1189 1177 semper

102 1205 257 1295 durare,
297 1199 391 1276 sicut
420 1198 653 1300 Empedocles
683 1213 720 1274 et
755 1198 956 1274 Heraclitus
987 1198 1187 1275 statuunt.''

99 1321 337 1400 Manifestum
361 1337 432 1414 est,
456 1322 680 1398 Aristotelem
705 1321 845 1398 nullam
870 1323 928 1394 hic
951 1323 1056 1396 aliam
1081 1321 1190 1398 vicis-

102 1446 299 1520 situdinem
325 1461 483 1544 spectare
509 1445 577 1518 nisi
601 1444 788 1518 Amicitiae
824 1458 860 1518 et
891 1442 1090 1518 Discordiae
1113 1444 1188 1520 sir‘e

103 1569 218 1642 unius
241 1581 278 1641 et
303 1566 519 1651 multorum,
543 1593 654 1667 quam
679 1566 892 1640 sententiam
909 1564 1009 1638 Plato
1024 1589 1191 1664 quoque,

104 1702 146 1762 ut
169 1713 281 1786 supra
308 1687 477 1778 vidimus,
505 1685 712 1784 Empedocli
736 1701 773 1760 et
796 1685 994 1780 Heraclito,
1022 1687 1189 1786 quamvis

104 1809 225 1914 aliquo
251 1835 335 1882 cum
361 1807 580 1898 discrimine,
606 1807 690 1882 facit
714 1835 944 1884 communem
961 1817 1039 1883 ¹70.

604 2107 702 2192 §ra

100 2427 104 2438 ¹
219 2349 283 2422 De
307 2351 441 2424 mundo
466 2351 631 2450 duplici,
658 2349 844 2451 αἰσθητῷ
877 2367 912 2424 et
944 2353 1081 2452 νοητῷ.

153 2549 178 2620 J
179 2574 241 2622 am
263 2563 477 2649 quaeratur,
501 2554 582 2652 quis
604 2554 648 2626 sit
664 2577 789 2627 sensus
804 2553 906 2626 istius
922 2549 1041 2650 placiti
1056 2548 1194 2649 quidve

106 2671 172 2745 sibi
199 2668 288 2746 velit
311 2668 436 2744 hocce:
463 2673 677 2748 universum
701 2671 805 2748 modo
829 2674 870 2744 in
894 2697 1016 2747 unum
1035 2671 1115 2771 cogi
1129 2695 1197 2772 per

107 2793 330 2886 Amicitiam,
354 2791 461 2866 modo
486 2794 525 2866 iu
551 2795 663 2870 multa
692 2795 730 2894 (i.
757 2821 790 2870 e.
817 2809 975 2896 quatuor
1000 2794 1192 2887 elementa)

108 2914 220 2990 dividi
234 2939 300 3012 per
314 2914 539 2990 Discordiam.
572 2915 752 2991 Neutrum
772 2918 869 2990 enirn
887 2917 1019 2990 horum
1037 2917 1076 2990 in
1092 2914 1194 2990 hunc

108 3020 294 3111 mundum
324 3039 515 3112 convenire
551 3038 706 3130 videtur,
739 3040 804 3138 qui
836 3063 958 3139 neque
989 3051 1042 3112 est
1073 3061 1195 3110 unum

109 3158 198 3258 quid
226 3171 264 3230 et
287 3160 438 3258 simplex
463 3186 587 3260 neque
610 3159 805 3236 discretum
829 3175 866 3234 et
889 3159 1098 3259 multiplex,
1130 3159 1194 3232 sed

109 3294 282 3380 utroque,
301 3283 470 3356 varietate
492 3295 529 3354 et
551 3280 749 3366 harmonia,
770 3297 1024 3384 temperatum.
1070 3282 1195 3372 Quae·-

108 3402 172 3474 stio
199 3401 288 3474 baec
312 3401 471 3476 multum
496 3401 623 3501 agitata
649 3418 701 3477 est
726 3403 771 3477 ab
792 3403 1067 3505 interpretibus,
1085 3429 1194 3504 prae-

138 3593 215 3661 (169)
236 3595 340 3647 Aristot.
362 3593 394 3648 de
414 3597 483 3649 Coel.
505 3599 532 3656 1.
553 3614 590 3648 ιο.
611 3615 636 3666 p.
658 3598 707 3668 349
725 3601 749 3650 Β.
769 3599 800 3650 cl.
817 3599 917 3670 Philop.
940 3602 1015 3660 λύσις
1031 3599 1074 3670 κζ’
1097 3605 1148 3652 τοῦ
1169 3599 1190 3656 ς’

108 3685 209 3752 λόγου,
230 3702 263 3737 ex
282 3685 351 3738 Alex.
370 3689 468 3740 comm.
485 3689 518 3741 de
535 3690 613 3741 coeto
630 3693 649 3741 l.
668 3690 794 3743 Stobaeus
810 3692 874 3757 Ecll.
893 3692 967 3758 Phys.
986 3695 1009 3752 Ι,
1030 3707 1068 3744 ar.
1088 3709 1113 3760 p.
1133 3692 1197 3754 416:

107 3775 308 3848 Ἐμπεδοκλῆς
334 3783 383 3832 τὸν
406 3782 506 3846 κόσμον
529 3786 703 3852 φθείρεσθαι
727 3786 798 3836 κατὰ
815 3789 867 3851 τὴν
889 3783 1123 3854 ἀντεπικράτοιαν
1144 3788 1194 3835 τοῦ

108 3878 219 3931 retroue
235 3876 284 3925 aut
302 3879 351 3942 τῆς
370 3875 469 3936 φιλίοις.
1099 3911 1102 3915 -

138 3968 216 4034 (¹70)
233 3965 300 4016 Male
316 3966 432 4016 Sturaius
445 3966 551 4035 Emped.
565 3985 589 4036 p.
605 3968 652 4031 273
665 3985 702 4038 sq.
722 3967 876 4028 arbitretur,
888 3968 1052 4020 Aristotelem
1070 3968 1120 4020 hoo
1136 3966 1207 4022 loco'

107 4054 270 4123 significasse,
284 4055 400 4126 utrique,
412 4057 544 4110 Heraclito
559 4065 585 4111 et
598 4057 758 4128 Empedocli,
772 4057 896 4126 placitum
909 4057 942 4110 de
955 4058 1045 4110 mundi
1057 4058 1196 4124 conflagra-

109 4147 180 4198 tione
189 4146 266 4200 fuisse
279 4162 434 4200 commune-v

158 4237 225 4311 ΙΙΙ.
1005 4238 1052 4330 24
1156 4277 1159 4284 ·
