2814 4906
470 383 710 434 nummorum.
1065 385 1127 446 469

37 545 229 644 pedoclem
256 558 298 616 ut
322 547 445 618 ceteris
470 547 507 620 in
531 549 638 623 rebus
662 553 900 647 naturalibus,
929 558 977 628 sic
1001 559 1037 631 in
1064 587 1125 634 sc-

37 668 137 740 mine
163 692 320 766 quoquc
341 668 533 764 postulasse
559 686 677 768 aptam
694 675 875 772 quandam
897 703 1066 774 porosum
1089 697 1125 756 et

38 788 285 864 effluxionum
302 793 507 888 συμμετρίαν
526 792 732 894 justamque
752 798 979 892 temperiem,
996 813 1038 870 ut
1057 803 1125 874 foe-

41 926 96 984 tus
106 914 279 1011 generari
291 914 407 1011 possit.
440 917 492 989 De
509 914 691 989 mulorum
703 932 824 991 autem
836 919 1016 995 sterilitate
1027 923 1127 1021 quod

41 1031 262 1106 Plutarchus
294 1035 333 1106 in
361 1035 498 1108 Placitis
528 1036 653 1128 refert,
682 1038 932 1137 Empedoclem
966 1067 1125 1116 caussam
1199 1056 1205 1077 ‘

42 1153 166 1228 dixisse
198 1157 259 1246 rip
287 1159 494 1254 σμικρότητα
523 1160 580 1234 καὶ
609 1161 830 1248 ταπεινότητα
858 1165 914 1236 καὶ
942 1165 1126 1253 στενότητα

45 1280 96 1364 τῆς
106 1275 241 1374 μήτρας
255 1292 330 1356 κτλ.
344 1279 380 1352 id
391 1280 583 1354 Aristotelis
592 1282 790 1354 testimonio
804 1282 1032 1382 redarguitur
1043 1296 1085 1337 ²⁴
1094 1299 1123 1358 ¹.

44 1397 330 1504 Convenientius
354 1416 406 1474 est
430 1402 500 1474 hoc
525 1402 713 1475 Democriti
737 1402 862 1502 placito
884 1431 1043 1478 caussam
1068 1407 1126 1480 di-

47 1522 169 1612 centis,
201 1523 303 1622 quod
331 1526 426 1596 uteri
450 1504 589 1597 meatus
618 1526 656 1596 in
680 1524 789 1597 mulis
811 1527 969 1634 corrupti
991 1542 1126 1619 essent,

49 1636 239 1740 διεφθάρθαι
265 1645 343 1725 τόθι
366 1645 481 1743 πόρους
505 1651 565 1720 τόν
586 1645 715 1741 ἡμιόνων
733 1643 764 1721 ἓν
782 1650 854 1726 ταῖς
876 1647 1026 1743 ὑστέραις
1046 1659 1125 1726 ²⁴².

537 1902 557 1982 η
581 1901 637 1962 aa.

85 2161 86 2166 .
191 2083 258 2154 De
281 2082 403 2181 soettia
430 2100 533 2171 ortu,
548 2084 799 2183 fhrnrctione,
823 2097 947 2178 partu.

290 2206 352 2276 De
376 2207 491 2292 lacte,
517 2205 646 2276 sudore
654 2260 669 2293 ,
695 2206 882 2302 lammis.
985 2311 988 2318 ι

95 2371 283 2471 Pergimus
306 2400 401 2473 qnae
425 2374 469 2447 ad
488 2374 582 2448 settis
605 2376 869 2473 generationem
889 2386 1049 2472 spectant
1066 2399 1128 2446 ex-.

55 2516 187 2586 ponere.
241 2499 346 2588 Quae
368 2522 488 2570 caussa
511 2498 555 2568 sit
584 2521 650 2568 cur
675 2494 731 2573 vel
759 2520 872 2568 mares
893 2494 952 2568 vel
972 2493 1126 2568 feminae

56 2633 249 2712 nascantur,
283 2641 355 2688 non
383 2618 551 2691 convenit
576 2617 670 2688 inter
698 2617 878 2714 antiquos3
904 2615 1128 2713 Anaxagoras

56 2733 194 2835 abipso
229 2739 367 2816 semine
402 2736 592 2810 discrimen
629 2737 773 2834 repetit,
809 2734 1039 2832 Empedocles
1080 2736 1126 2808 ab

1045 2856 1072 2882 ,ι

58 2869 162 2932 utero:
184 2861 236 2943 τὶν,
255 2864 316 2954 μὲν
334 2859 404 2958 γαρ
425 2859 468 2938 εἷς
490 2856 601 2955 θερμην
624 2853 760 2932 ἐλθόντα
779 2857 834 2945 την
856 2856 994 2953 ὑστέραν
1012 2857 1126 2953 ἄρρενα

58 2978 192 3068 γίνεσθαί
223 2989 330 3077 Φησι,
358 2981 406 3054 τα
428 2977 525 3060 θ’,εἷς
546 2976 712 3078 ψυχρόν,
740 2975 847 3064 θηλεα·
874 2980 932 3066 τῆς
955 2975 990 3062 de
1012 2975 1126 3075 θερμό-

88 3242 153 3306 (ιλιι)
168 3244 301 3297 Plutarch.
313 3242 382 3295 Plac.
393 3242 455 3313 phil.
465 3247 496 3309 V,
510 3244 554 3306 rlr;
567 3245 629 3296 item
642 3245 727 3297 Galen.
736 3244 798 3296 Hlst
811 3241 877 3296 Phil
889 3243 1001 3294 XXXII.
1034 3242 1125 3294 Nescio

61 3335 136 3382 tamen
153 3351 185 3384 an
201 3335 308 3404 utrique
324 3333 365 3384 hic
379 3350 454 3385 error
467 3335 617 3386 eximendus
628 3335 659 3386 sit
671 3334 781 3392 delendo
795 3335 899 3386 nomine
917 3333 1123 3401 Ἐμπεδοκλῆς,

61 3420 120 3484 quod
137 3439 150 3473 e
168 3425 286 3495 sequenti
303 3423 422 3493 Διοκλῆς
438 3423 512 3475 facile
529 3424 646 3492 irrepere
662 3426 762 3493 potuit,
780 3441 831 3494 qua
850 3428 949 3476 ratione
966 3426 1029 3478 hacc
1045 3425 1124 3476 verba

61 3505 218 3574 iungerentur
234 3531 294 3564 curn
311 3513 536 3574 antecedentibus,
554 3511 648 3580 quibus
665 3512 823 3564 Alcmaeonia
843 3513 966 3581 placitum
979 3513 1126 3582 exponitur,

61 3589 104 3644 hoc
125 3602 211 3654 modo:
238 3601 396 3669 Ἀλκμαίων
421 3607 475 3656 τῶν
498 3603 614 3670 ἡμιόνων
638 3603 703 3662 τοὺς
720 3602 768 3668 μὲν
786 3601 901 3674 (lippeam
921 3605 1033 3672 ἀρότους
1050 3608 1126 3672 παρὰ

63 3690 105 3753 τὴν
124 3691 281 3765 λεπτότητα
300 3705 348 3767 τῆς
366 3703 454 3766 θορῆς
472 3733 479 3746 .
498 3731 506 3745 ·
525 3732 532 3748 .
552 3699 600 3754 τὰς
621 3695 880 3767 θὲθηλεόαςνταρὰ
898 3701 983 3766 τὸμὴ
1002 3700 1124 3765 ἀναχάσ-

63 3797 111 3831 κειν
130 3791 177 3846 τὰς
192 3797 314 3862 μήτρας,
336 3773 443 3844 diocto
463 3791 691 3864 ἀναστομοῦαθαι
710 3791 792 3860 (οὕτω
812 3794 864 3861 μὰρ
885 3793 968 3852 αὐτὸς
987 3789 1124 3862 εἴρηκεν),

65 3872 103 3924 dt&
118 3882 165 3946 τὴν
182 3889 349 3957 σμικρότητα
365 3887 413 3940 καλ
428 3885 619 3953 ταπεινότητα
634 3887 681 3937 aul
700 3886 856 3953 στενότητα
873 3891 921 3954 τῆς
935 3889 1047 3955 ,μήτρας
1067 3885 1125 3942 nal.

63 3959 123 4016 llaec
138 3974 232 4040 optime
249 3981 398 4032 cohaerent.

91 4056 157 4125 (²4²)
175 4066 277 4121 Aristot.
297 4070 329 4122 de
347 4071 407 4120 Gen.
429 4076 455 4121 et
474 4069 547 4120 Gorr.
563 4068 579 4118 l.
596 4068 612 4118 l.
632 4085 655 4136 p.
675 4065 705 4120 83
740 4067 771 4117 n.
