2768 4916
405 431 488 478 vrrs
511 427 557 476 nr
583 427 726 476 srunrrs.
1062 415 1104 476 tt

49 595 238 696 Tragoediae
262 607 384 670 autem
408 593 654 694 intelligantur
678 619 752 670 non
776 593 902 696 quales
925 597 965 668 in
988 595 1103 669 Attica

49 745 132 792 scena
154 715 473 808 celebrataesunt,
497 715 559 790 sed
584 715 745 791 rudiores
762 714 858 810 illae,
878 715 1003 816 quales
1019 731 1103 792 ante

49 839 218 937 Thespina
239 838 377 939 tragicis
397 837 512 912 choris
536 837 618 912 cani
637 831 760 912 solitae
776 861 844 912 nec
859 851 979 936 postea
995 837 1103 938 plane

48 961 285 1038 obsoleverunt.
313 959 387 1034 Hoc
404 957 666 1060 tragoediarum
682 983 814 1058 genus,
828 958 927 1060 quod
941 958 1103 1035 medium

49 1083 108 1156 lere
125 1099 198 1158 erat
219 1083 315 1156 inter
335 1082 564 1156 dramaticum
587 1082 711 1180 poesin
732 1093 769 1154 et
793 1079 1104 1182 dithyrambicnm‚

49 1206 216 1303 praecipue
240 1205 280 1279 in
305 1205 442 1278 Doricis
464 1201 668 1278 civitatibus
687 1217 724 1278 et
744 1205 783 1276 in
810 1228 939 1302 magna
957 1203 1105 1278 Graecia

48 1352 102 1398 usu
125 1325 277 1427 viguisse
306 1327 449 1406 videtur
466 1329 551 1417 ¹⁸⁷3
572 1325 731 1400 similiter
752 1323 1014 1424 Xenophanes,
1038 1327 1104 1424 qui

48 1448 113 1522 item
128 1447 171 1522 de
190 1476 317 1524 rerum
338 1463 468 1524 natura
489 1449 634 1540 cecinit,
650 1449 738 1522 item
756 1448 796 1518 in
813 1445 927 1520 Sicilia
944 1460 1105 1522 versatus

49 1586 101 1663 est,
125 1573 319 1672 tragoedias
345 1598 492 1674 quoque
519 1569 668 1646 edidisse
700 1569 829 1646 fertur.
886 1567 1049 1670 Uterque
1075 1571 1106 1642 si

49 1719 101 1766 ron
121 1693 289 1768 inclaruit
314 1695 357 1766 in
379 1719 421 1767 eo
445 1717 597 1792 genere,
624 1704 745 1767 tamen
772 1691 970 1793 quominus
995 1704 1107 1766 tenta·

19 1885 25 1900 ,
50 1817 134 1908 verit,
154 1815 260 1892 nulla
284 1817 373 1890 ratio
398 1814 543 1893 videtur
567 1813 706 1890 obstare
724 1817 803 1888 ¹⁸⁸.
1106 1797 1114 1814 ⁸

18 1933 19 1956 ³
82 1935 247 2014 Πολιτικά.
298 1936 553 2037 Empedoclem
574 1936 684 2012 rebus
698 1935 849 2036 publicis
864 1937 1030 2038 gerendis
1046 1937 1107 2038 ju·
1206 2025 1214 2048 ‚

51 2081 152 2132 renem
173 2087 213 2134 se
232 2059 368 2134 dedisse
385 2072 422 2134 et
437 2061 476 2132 in
494 2060 812 2158 Agrigentinorum
833 2061 975 2136 civitate
991 2049 1124 2136 multa'

51 2179 148 2274 egisse,
172 2181 330 2256 ostendit
351 2181 430 2281 ejus
452 2182 536 2256 vita.
586 2181 762 2274 Quocirca
784 2205 858 2254 non
882 2179 1105 2272 mirandum,

18 2289 20 2322 ⁵
51 2321 130 2393 eum,
158 2318 202 2377 ut
238 2301 388 2376 Athenis
417 2301 598 2393 Solonem,
634 2299 796 2377 versibus
821 2301 917 2376 cives
940 2327 1023 2376 suos
1047 2303 1106 2376 vel

51 2417 79 2490 ad
105 2424 223 2498 civiles
259 2423 411 2499 virtutes
442 2421 626 2498 hortatum
657 2447 732 2496 esse
767 2420 822 2498 rel
851 2436 1036 2521 praecepta
1060 2422 1105 2498 de
1212 2429 1215 2436 “

19 2537 20 2540 “
51 2541 201 2636 republica
228 2542 426 2618 ordinanda
449 2545 492 2618 iis
518 2543 710 2620 tradidisse.

19 2643 21 2660 ’
82 2663 228 2762 Περσικαί·
245 2666 322 2741 sive
342 2669 461 2765 Ξέρξου
482 2663 658 2761 διάβασις.
709 2667 848 2742 Xerxes
866 2667 905 2740 in
921 2670 1106 2744 Graeciam

52 2783 150 2861 invasit
170 2788 244 2866 suh
269 2788 518 2890 Olympiadem
543 2790 607 2890 75,
629 2789 849 2864 adolescente
873 2789 1105 2890 Empedocle:

19 3001 21 3020 ι
51 2929 102 3000 qna
126 2911 308 2986 invasione
334 2911 437 2985 illius
473 2911 655 3001 animum,
688 2908 857 2986 libertatis
892 2937 1011 2987 amore
1036 2909 1131 2985 iln-¹
1170 3001 1175 3008 ⁴

19 3031 21 3124 ᾗ
53 3041 203 3124 grentam,
238 3031 491 3144 vehementius
514 3046 733 3108 commotum
762 3031 890 3126 luisse,
924 3033 1030 3108 facile
1055 3051 1108 3108 est
1198 3104 1200 3108 ,

20 3249 21 3252 ’
74 3241 131 3309 (¹⁸7)
147 3247 183 3300 De
202 3247 254 3298 hoc
275 3263 369 3312 genere
388 3249 439 3300 vid.
460 3247 573 3300 boecklu
591 3249 607 3299 Ι.
628 3249 644 3297 Ι.
666 3248 736 3317 apud
755 3265 833 3320 quesn
852 3253 879 3302 in
896 3252 1107 3322 inscriptionibus

53 3327 111 3382 rlbtis
130 3352 154 3403 p.
181 3336 233 3390 358
252 3355 290 3410 sq.
308 3345 489 3391 memorentur
508 3339 572 3392 tales
591 3339 737 3410 'egerendos'
750 3341 924 3411 Hippocrates
944 3341 1062 3394 Rhodius
1080 3354 1108 3396 et

54 3419 219 3492 ltelepicdorns
243 3431 408 3482 Tarentinus.
442 3428 557 3482 Uberius
581 3431 615 3483 de
638 3448 670 3484 eo
690 3431 742 3498 agit
764 3432 856 3493 Ulrici.
882 3431 972 3486 Gesclu
992 3432 1018 3484 d.
1040 3431 1107 3484 liell.

20 3585 21 3588 Ἴ
54 3504 132 3566 llicbtlr.
148 3517 217 3571 Lect
237 3520 357 3583 xxv11;
374 3521 434 3585 Vol.
451 3522 492 3579 11,
514 3537 540 3590 p.
556 3521 679 3589 dlii-ibn
710 3529 717 3536 “

20 3607 21 3618 ’
76 3601 133 3668 (rit)
148 3607 185 3660 De
206 3607 376 3679 Xenophane
401 3613 437 3664 ci.
463 3629 531 3684 quae
557 3612 614 3664 dixi·
633 3614 661 3664 in
683 3611 761 3681 buius
784 3615 868 3666 carm.
890 3615 948 3668 rell.
970 3633 996 3686 p.
1020 3633 1048 3668 ar
1069 3635 1106 3688 sq.

56 3685 181 3761 Xenopbeni
201 3697 273 3751 hanc
292 3703 384 3771 poe'sin
404 3703 515 3769 denegat
535 3703 617 3756 Ulrici
636 3719 664 3772 p.
688 3703 738 3765 443
759 3720 796 3774 sq.
819 3713 875 3758 not.
900 3705 961 3764 106,
985 3712 1017 3758 nt
1033 3725 1050 3761 a
1068 3717 1108 3761 te-

55 3777 122 3833 triore
140 3789 195 3854 ejus
213 3789 291 3842 blase
306 3791 433 3856 alienam3
454 3793 527 3862 qnasi
546 3809 649 3856 omnes,
673 3794 766 3863 quiin
780 3793 868 3866 aliquo
886 3799 993 3864 poeseos
1013 3815 1109 3867 genere

56 3868 166 3928 perlem
188 3888 267 3943 sunt,
290 3881 319 3933 in
341 3898 373 3934 eo
396 3881 551 3935 excellentes
572 3881 679 3936 suerint.
712 3884 788 3952 Apud
802 3867 927 3939 'eumen
947 3889 1110 3959 Empedoclis

21 3959 22 3968 ’
56 3958 219 4024 tragoediarum
229 3970 328 4023 nullam
338 3971 443 4025 invenio
453 3973 621 4025 mentionem.
647 3973 718 4034 Quae
731 3974 1109 4048 Sturaiusp.86sq.dissarit,

21 4129 23 4140 λ
57 4051 122 4102 rtrum
143 4057 189 4110 lue
208 4058 357 4125 tragoediae
375 4059 534 4114 hex'emetris
548 4060 670 4116 videlicet
687 4079 721 4114 an
738 4061 854 4129 iambicis
871 4067 988 4120 versibus
1009 4067 1108 4125 inerint

58 4147 198 4214 cuteposium,
215 4151 297 4206 sciens
314 4158 459 4220 praetereo.
603 4136 607 4144 „

90 4232 145 4313 Ill
582 4316 587 4326 ,
962 4253 983 4324 5
