2768 4910
239 381 306 444 tot
331 405 333 411 ·
637 396 684 444 na
708 397 925 448 nurnnocus

288 566 349 640 Ει·
364 543 513 662 Ιιίἐῇεω
535 562 665 640 clarius
687 589 861 662 apparere
882 563 1044 658 arbitror,
1070 568 1213 668 qualem
1229 573 1305 644 Em-

238 685 399 788 pedocles
438 710 563 759 rerum
599 687 866 786 generationem
899 685 1178 766 adumbraverit
1232 693 1307 768 Ele-

238 822 364 886 menta
386 809 601 885 universum
630 807 841 907 complentia
873 809 977 884 finxit
1004 813 1135 910 partim
1167 815 1307 888 naturali

238 956 379 1032 suoque
401 943 524 1022 motu,
547 930 677 1030 partim
696 931 880 1008 'Amicitiae
907 930 1066 1030 impulsu
1084 935 1235 1010 'incitata
1259 963 1306 1010 oc·

236 1057 304 1128 isse
335 1067 372 1126 et
399 1050 583 1127 mundum
608 1051 777 1128 formasse
801 1053 895 1128 sicut
918 1079 1039 1130 unum
1062 1069 1214 1132 naturae
1237 1087 1307 1134 cor-

237 1203 329 1278 pus,
350 1175 517 1274 undiquc
539 1173 778 1283 foraminibus
798 1175 984 1273 pervium,
1000 1203 1065 1275 per
1087 1205 1183 1279 quae
1205 1183 1306 1260 variae

237 1298 315 1398 ejus
342 1311 462 1398 partes
492 1294 594 1372 velut
621 1292 781 1370 membra
807 1292 920 1370 libere
944 1297 1098 1373 interea
1124 1327 1306 1377 commeare

236 1435 379 1522 possent
399 1429 455 1492 ²⁷.
505 1421 560 1494 Sic
593 1419 849 1494 communione
879 1419 990 1515 facta,
1021 1426 1250 1524 congruentia
1274 1425 1307 1496 in

237 1569 358 1618 unum
389 1542 581 1634 coaluisse3
613 1538 698 1614 inde
727 1565 820 1618 nova
852 1567 1001 1642 genera,
1034 1571 1146 1621 novas
1174 1548 1308 1646 species,

233 1691 347 1742 noras
373 1667 504 1765 figuras
536 1677 574 1739 et
607 1689 753 1761 corpora
783 1665 974 1759 exstitisse,
996 1693 1043 1741 ex
1063 1667 1119 1741 his
1139 1667 1308 1767 paullatim

235 1789 395 1866 mortalia
423 1787 567 1878 omnia,
591 1785 754 1883 plantas,
779 1783 927 1882 bestias,
952 1787 1135 1884 homines,
1158 1792 1304 1864 formata.

137 1992 142 1997 ,
237 1913 388 2010 Propter
408 1909 551 1984 insitam
573 1921 696 1984 autem
718 1909 794 1985 vim
816 1924 854 1984 et
873 1910 1075 1986 naturalem
1097 1915 1253 2014 vigorem
1274 1937 1306 1984 ea

236 2046 413 2133 perpetuo
438 2033 594 2126 moveri,
620 2030 695 2106 huc
717 2029 902 2136 illucagi3
929 2032 994 2106 alia
1018 2031 1204 2108 effluentia
1230 2037 1307 2110 foras

237 2153 349 2246 elabi,
372 2154 445 2247 ¹alia
474 2181 600 2230 rursus
628 2156 779 2248 intrare,
811 2158 855 2228 ei
885 2156 1022 2230 ratione
1053 2183 1158 2256 agere
1188 2171 1226 2233 ct
1248 2157 1307 2258 pati

237 2281 373 2372 omnia,
399 2278 552 2371 variari,
579 2302 753 2369 crescere,
776 2292 896 2354 vetera
919 2279 1085 2374 interire,
1109 2307 1201 2358 nova
1223 2281 1307 2370 oriri,

237 2417 348 2476 totam
369 2401 528 2500 denique
552 2425 677 2474 rerum
700 2414 869 2476 naturam
889 2415 1064 2500 perpetua
1082 2403 1308 2478 vicissitudine

238 2521 373 2622 agitari.
424 2522 480 2594 Sic
506 2521 655 2621 quidem
682 2522 886 2598 secundum
910 2524 1002 2596 eum'
1016 2520 1056 2598 ἐκ
1077 2527 1187 2622 Φαραῖς
1208 2553 1245 2600 re
1263 2527 1308 2599 acl

237 2641 387 2734 κινήσεως
402 2645 458 2718 cal
473 2643 619 2741 κράσεως
634 2644 713 2742 πρὸς
725 2644 861 2734 ἄλληλα
877 2647 1007 2745 γίνεται
1019 2644 1157 2740 πάντα,
1170 2663 1214 2722 ut
1223 2648 1307 2721 Plato

148 2749 153 2756 ⁸
238 2769 391 2862 dicit283
412 2791 470 2839 res
489 2766 585 2864 ipsae
598 2767 683 2840 'non
704 2780 906 2862 mutantur,
928 2768 990 2844 sed
1010 2785 1176 2846 mutatur
1198 2795 1308 2844 earum

239 2891 444 2992 compositio
459 2982 461 2984 Ι
478 2903 515 2964 et
542 2891 676 2990 figura,
710 2915 805 2990 quae
831 2890 938 2965 modo
965 2908 1174 2992 congregata
1204 2905 1308 2981 erant,

239 3039 341 3088 nunc
361 3012 592 3112 dissipantur,
607 3040 693 3088 mox
709 3014 749 3084 in
769 3012 852 3089 alias
876 3013 1006 3088 formas
1026 3041 1231 3111 reversura3
1248 3017 1308 3114 ipsa

239 3151 361 3210 tamen
386 3135 562 3210 elementa
584 3133 723 3235 integra
746 3148 782 3207 ct
802 3136 932 3208 intacta
957 3151 1106 3210 manent
1132 3147 1188 3212 ²⁹³

274 3331 331 3396 (27)
347 3328 385 3380 ct
402 3325 508 3396 Emped.
528 3343 564 3379 rs.
588 3343 632 3379 raa
651 3335 678 3380 et
698 3327 757 3380 1³6:
780 3328 818 3380 δι’
837 3327 961 3395 ἀλλήλων
980 3327 1013 3382 δὲ
1033 3333 1143 3384 θέοντα
1156 3361 1191 3374 -

274 3422 330 3488 (28)
348 3419 422 3474 Plato
437 3419 542 3471 Theaet.
559 3435 584 3488 p.
609 3416 655 3469 152
675 3417 706 3470 D.

275 3514 332 3584 (29)
349 3509 456 3583 Empcd.
468 3508 514 3562 ll.
534 3510 606 3563 αὐτὰ
623 3515 675 3582 γὰρ
694 3511 754 3564 ἔστι
767 3533 800 3582 pt
815 3515 912 3566 ταῦτα
929 3539 962 3554 -
978 3511 1015 3562 Gi.
1031 3513 1158 3569 Stcbaeuc
1171 3516 1232 3568 Ecll
1245 3513 1307 3580 Phys.

241 3605 260 3656 1.
278 3622 304 3674 p.
316 3605 377 3657 att:
390 3610 438 3672 τῆς
457 3603 512 3658 τῶν
527 3610 671 3676 στοιχείων
688 3605 835 3669 φύσεως..
856 3641 864 3655 .
885 3605 1046 3674 μεταβολὰς
1063 3610 1174 3676 poponus
1190 3607 1239 3674 μὲν
1257 3603 1311 3658 ὕπα-

242 3697 387 3768 μενούσης,
407 3703 456 3752 τοῦ
480 3699 513 3754 δὲ
526 3703 629 3759 παντὸς
646 3701 722 3754 λύσιν
738 3706 775 3768 μὴ
791 3703 1002 3770 ἐπιδιχομὲνου.
1024 3775 1029 3784 .

717 3915 867 3946 *⁶⁴0*—
