2768 4910
425 411 428 418 ⁴
480 407 721 458 annosorum.
1078 396 1140 458 429

57 578 286 679 misphaeria‚
305 599 424 648 unum
441 574 653 674 primigenio
672 576 754 672 igne
774 572 970 672 repletum,
987 575 1141 652 alterum

57 701 111 774 illi
133 699 336 800 oppositum
360 699 510 797 exigue
532 711 568 770 et
593 703 674 771 aere
696 698 875 801 mixtum·²
894 695 933 767 in
956 696 1023 770 hoo
1047 699 1141 772 sola,-

59 849 138 896 rem
152 847 229 896 esse
244 819 386 912 orbem,
400 821 519 918 ipsum
538 831 668 892 natura
686 843 751 892 sua
773 817 1053 916 κρυσταλλοειδῆ,
1069 824 1092 894 i.
1109 849 1139 898 e.
1260 901 1265 908 ,

60 941 284 1044 eoongelato
304 946 385 1015 aere
407 938 619 1031 oonssatum,
641 939 893 1038 pellucidum.¹
905 953 916 986 ¹
927 951 959 1033 ὓ,
973 942 1073 1042 igneo
1089 943 1140 1018 illi

59 1065 212 1166 globoe
238 1063 381 1162 regione
405 1062 622 1162 oppositum3
645 1061 749 1135 ambo
769 1065 847 1161 pari
872 1078 974 1138 motu
999 1064 1140 1153 coelum

57 1183 298 1275 circumvehi,
329 1205 444 1283 eoque
474 1183 552 1256 fieri
580 1196 623 1256 ut
646 1180 714 1275 sol,
733 1184 885 1283 oppositi
909 1184 1002 1285 ignis
1025 1186 1139 1262 radios

58 1333 200 1406 semper
217 1289 409 1404 excipiens,
422 1329 628 1404 repercusso
645 1303 784 1378 lumine
795 1307 1000 1406 splendente
1010 1335 1139 1409 quem·

57 1427 253 1502 admodum
270 1427 361 1520 fere,
378 1428 407 1500 si
424 1426 474 1500 sol
492 1437 527 1500 et
548 1426 635 1504 luna
655 1428 732 1524 pari
751 1427 1139 1508 celeritatevmoveren-

58 1564 122 1624 tur
148 1549 311 1649 lunaque
333 1547 395 1622 soli
420 1561 595 1648 perpetuo
620 1549 777 1646 opposita
798 1549 906 1644 foret,
931 1549 1019 1624 haeo
1044 1551 1139 1626 illius

56 1695 264 1771 repercusso
289 1670 427 1744 lumine
454 1694 595 1768 semper
618 1669 754 1767 speculi
777 1670 886 1743 instar
907 1665 1139 1747 luoeret'113.

56 1793 153 1866 Talis
176 1792 349 1866 sententia
369 1817 480 1892 quam
501 1792 623 1890 inepta
643 1807 680 1866 et
701 1791 848 1867 ridicula
869 1794 931 1884 sit,
962 1795 1043 1894 quis
1064 1819 1138 1870 non

56 1912 181 1989 videt?
230 1913 342 2002 Nam,
364 1927 408 1986 ut
430 1938 551 1986 unum
572 1912 638 1986 hoe
659 1939 872 2004 memorem,
896 1915 925 1987 si
946 1914 1049 1990 ambo
1072 1917 1137 1990 ista

54 2033 1136 2138 hemisphaeriaeregionepositaeoelumoiroumveherentur,

57 2157 378 2232 neeesse‘videlioet
389 2155 497 2248 ¹foret,
516 2170 559 2234 ut
579 2169 706 2247 noctu,
723 2155 869 2256 quando
887 2156 936 2229 sol
952 2158 1047 2230 infra
1064 2173 1137 2232 ter·

57 2307 137 2354 ram
158 2293 228 2370 est,
246 2280 373 2379 igneus
394 2277 452 2352 ille
470 2276 594 2376 globus
609 2301 717 2376 supra
731 2293 865 2351 terram
886 2295 1074 2378 appareret
1087 2296 1140 2354 at-

56 2429 131 2503 que
148 2400 235 2475 adeo
251 2427 323 2474 nox
338 2399 492 2480 claritate
510 2425 575 2472 sua
591 2398 686 2472 diem
702 2397 919 2474 obscuraret.
947 2401 1087 2476 Surdus
1103 2419 1140 2477 et

56 2550 185 2598 caecus
204 2524 249 2596 sit
264 2523 331 2622 qui
351 2519 420 2596 tale
435 2521 524 2620 quid
546 2519 700 2594 statuat?
724 2523 771 2594 At
789 2522 972 2620 ipsosvillos
991 2550 1141 2600 enarra-

56 2661 150 2719 tores
173 2669 251 2722 rem
273 2671 402 2744 parum
424 2643 559 2743 liquido
579 2646 754 2741 cognitam
778 2643 958 2738 habuisse,
977 2646 1033 2722 vel
1051 2647 1141 2722 illud

57 2767 177 2866 arguit
204 2765 302 2866 quod
329 2767 396 2865 ipsi
422 2766 487 2839 eibi
520 2791 593 2838 non
622 2779 802 2857 constant,
830 2765 939 2840 modo
969 2767 1141 2860 dieentes,

56 2887 166 2961 solem
176 2885 234 2962 vel
247 2888 365 2988 potius
378 2886 457 2976 solis
471 2887 672 2986 ἀνταύγειαν
687 2889 1081 2984 συμπεριελκομένην
1098 2897 1140 2988 τῇ

56 3007 176 3101 κινήσει
191 3011 393 3109 reemptio
411 3011 698 3108 ἡμισφαιρίου,
710 3009 825 3100 modo,
838 3011 996 3086 eundem
1009 3014 1141 3104 ὑπὸτῆς

56 3138 351 3234 περιεχούσης
368 3133 467 3211 atah
483 3133 669 3231 σφυὶροις
688 3133 726 3203 in
746 3131 878 3205 circulo
895 3157 961 3206 suo
972 3137 1136 3208 coerceri:

56 3259 79 3328 i.
99 3283 134 3330 e.
153 3258 259 3331 modo
285 3259 468 3356 oppositi
495 3255 823 3355 hemisphaerii
849 3254 887 3328 vi
912 3283 978 3354 per
1001 3247 1141 3333 coelum

58 3377 170 3469 trahi,
199 3377 302 3451 modo
328 3377 435 3452 orbe
465 3377 585 3476 ipsum
615 3377 828 3474 cingente
857 3377 943 3473 engi.
982 3378 1063 3452 ¹Sed
1084 3393 1142 3452 to-

57 3515 139 3572 tum
168 3498 235 3572 boo
259 3514 505 3574 commentum
527 3499 617 3572 nihil
638 3513 690 3572 est
705 3497 810 3588 ,aliud
833 3502 901 3574 nisi
920 3498 1142 3598 amphficatio

57 3624 185 3694 versds
208 3621 452 3721 Empedoclei‚
473 3648 547 3722 quo
568 3620 613 3694 de
636 3621 708 3694 sole
730 3620 832 3694 dicit:
1102 3623 1103 3627 ’

107 3743 277 3844 σἰντοιυγεῖ
294 3747 373 3844 orphe
386 3737 567 3841 ’Όλυροτον
590 3742 813 3842 ἀταρβήτοισι
837 3740 1021 3841 τροσῶτοις
1038 3753 1116 3814 1¹4:

89 3890 168 3956 (rra)
184 3889 407 3950 Quemadmodum
426 3892 525 3952 aether,
544 3899 575 3943 ut
589 3889 667 3943 modo
685 3889 795 3944 vidimus
815 3907 842 3960 p.
859 3889 922 3954 ἀτη
939 3891 1001 3944 item
1018 3890 1096 3956 lunt,
1112 3897 1143 3942 ut

56 3995 118 4030 mox
139 3979 285 4032 ridebimus
305 3998 331 4050 p.
348 3981 406 4042 432.
479 4017 482 4024 -
512 3969 514 3976 ’

91 4071 170 4137 (113)
189 4069 228 4122 cf.
248 4071 345 4123 Corsin.
364 4071 428 4124 Dira
449 4070 581 4128 Plutarch.
603 4073 631 4131 1,
654 4089 678 4140 p.
700 4071 787 4126 XXIV
805 4089 842 4142 sq.
889 4095 890 4100 ¹

92 4162 167 4228 (rid)
183 4158 289 4230 Emped.
308 4177 344 4216 νο.
364 4164 419 4216 188.
