2768 4910
472 419 714 470 arnmsormr.
1071 405 1135 468 ³77

68 583 236 659 mundum
263 609 404 685 semper
424 610 520 679 esee,
552 601 633 660 tum
660 587 728 660 hoc
751 585 826 659 loco
845 597 925 657 tum
953 583 1036 658 alibi
1058 611 1137 660 ma-

68 703 182 778 nifesto
200 704 372 780 affirmat:
400 706 625 804 Ἐμπεδοκλῆς
650 707 708 800 rt,
733 710 759 782 ei
786 712 847 802 μὲν
867 706 961 782 κατα
985 709 1024 782 ri
1044 711 1138 808 αχῖγ

69 823 186 920 μάτας
211 827 327 904 dardos
354 837 413 902 τοῦ
442 830 573 925 λόγου,
599 831 641 910 cic
677 833 762 906 cori
793 833 854 924 uir
884 835 1024 929 σφαῖραν
1054 836 1139 907 ποτὲ

69 946 242 1046 linteum
266 952 443 1052 λέγοντας,
468 948 564 1042 δῆλον
586 952 637 1029 'dre
659 956 717 1028 καὶ
741 954 796 1044 τὶν
817 956 937 1043 κίνησιν
957 951 990 1033 ἓν
1014 957 1057 1053 τῇ
1079 981 1141 1054 γε·

68 1071 139 1148 νέσεν
160 1082 220 1148 ταῦ
245 1074 376 1172 κόσμον
399 1074 536 1175 θεωρῶν,
563 1079 732 1176 ’γινομένην
754 1079 811 1152 κα)
833 1075 1040 1176 φθειρομένην
1062 1084 1142 1152 dre·

69 1193 164 1271 attero
182 1196 258 1291 α’νεὶ,
289 1195 364 1274 ἐπεὶ
386 1201 443 1274 καὶ
472 1201 528 1276 τὸν
553 1202 694 1298 σφαῖραν
721 1195 799 1275 εἶναι
819 1199 983 1296 βούλεται
1003 1203 1060 1277 καὶ
1088 1202 1144 1278 rlr

70 1319 180 1416 α’νμαν
206 1321 281 1412 αἰεί,
303 1324 361 1396 καὶ
388 1325 507 1411 κίνησιν
533 1321 675 1420 ἒννμίζεν
702 1319 735 1398 ἒν
758 1322 807 1422 τῷ
830 1323 947 1424 κόσμῳ
970 1319 1049 1400 εἶναι
1064 1328 1142 1399 ¹⁸⁴.

554 1535 652 1622 §¹4-
784 1567 786 1572 -

110 1687 186 1765 lam
211 1694 242 1767 si
261 1708 470 1794 quaeratur,
489 1693 661 1794 placitum
677 1693 774 1767 istud
791 1692 836 1768 de
853 1693 993 1768 mundo
1011 1691 1144 1766 intelli-
1211 1784 1216 1801 .

69 1801 182 1928 gibi(et
197 1813 355 1889 sensibili
375 1815 475 1889 unde
490 1814 642 1892 ductum
661 1816 721 1906 sit,
738 1830 899 1915 apparet,
919 1825 1036 1889 totum
1053 1812 1144 1887 illud
1206 1848 1211 1884 ν
1234 1791 1256 1847 “³

70 1933 311 2033 αἰνιγματωδῶς
333 1937 502 2012 effectum
527 1962 601 2011 esse
623 1963 669 2012 cx
695 1935 918 2036 Empedoclis
944 1934 1011 2010 hoc
1033 1934 1144 2008 dicto:

71 2057 164 2129 modo
174 2085 223 2130 ex
235 2085 310 2132 uno
322 2057 566 2146 multa,modo
579 2060 696 2130 multu
709 2060 749 2129 in
760 2083 876 2130 unum
887 2059 1036 2148 reverte}
1046 2056 1145 2157 quod
1192 2013 1198 2168 l

72 2177 303 2254 ratiocinando
318 2182 366 2254 sic
378 2179 652 2254 concludebant:
666 2179 897 2278 Empedocles
910 2193 1060 2253 naturae
1073 2178 1147 2252 ele·

72 2315 182 2374 menta
203 2317 242 2376 et
261 2303 435 2402 principia
457 2302 670 2400 sempiterna
693 2299 791 2395 dicit3
816 2302 980 2400 quocirca
1005 2325 1147 2374 necesse

71 2432 187 2512 est,ea
207 2438 284 2500 tam
307 2425 389 2498 uni
413 2449 524 2523 quam
545 2421 700 2496 multis
719 2447 794 2496 esse
812 2419 981 2521 subjecta.
1019 2422 1147 2516 Quum

72 2537 170 2634 igitur
193 2558 326 2620 cuncta
348 2569 491 2618 unum
518 2543 621 2636 dicit,
644 2542 821 2616 intellexit
843 2542 982 2618 diversa
1002 2542 1066 2618 illa·
1083 2569 1148 2642 ge·

74 2680 149 2734 nera
170 2665 337 2740 concordi
359 2691 447 2764 pace
462 2665 600 2756 sociata,
624 2665 699 2740 sive
724 2663 886 2740 divinam
902 2689 978 2739 esse
996 2679 1149 2740 naturae

73 2778 197 2862 virium
230 2789 504 2886 numinnmque
539 2784 781 2877 harmoniam
817 2790 995 2860 contrario
1030 2812 1150 2886 quum

74 2901 188 2982 eadem
217 2908 363 2984 multa
384 2905 486 2998 dicit,
509 2907 716 3008 significavit
737 2905 877 2980 easdem
899 2907 977 2980 illas
1004 2922 1150 2982 naturas

74 3017 275 3104 dissidentes
299 3031 395 3104 inter
416 3037 456 3104 se'
477 3043 513 3102 et
544 3027 760 3102 reluctantes
782 3042 818 3102 et
839 3042 1014 3128 perpetua
1043 3030 1150 3104 vicis-

73 3141 223 3226 situdine
257 3153 413 3252 agitatas.
464 3152 509 3224 Iu
542 3150 699 3224 alterum
723 3149 988 3224 transtulerunt
1016 3175 1149 3224 nomen

75 3269 210 3368 σΦνάρνν
222 3323 236 3367 ,
265 3301 339 3374 quo
368 3269 604 3372 Empedocles
629 3268 853 3344 harmoniam
887 3270 999 3356 illam,
1037 3295 1149 3373 quam

75 3388 242 3494 principio
271 3393 402 3472 mundi
430 3395 540 3468 fnisse
570 3393 689 3484 finxit,
714 3390 975 3492 designaverat3
996 3392 1150 3467 alterum

74 3506 189 3607 κίσμον
228 3517 459 3618 appellarunt
495 3515 680 3590 communi
717 3513 899 3590 vocabulo.
963 3515 1149 3590 Praeterea
1277 3524 1280 3529 ’

75 3634 174 3714 etiam
205 3639 276 3716 hoc
309 3639 469 3716 utuntur
490 3652 712 3735 argumento.
763 3635 994 3734 Empedocles
1026 3633 1150 3712 iisdem

78 3748 253 3835 elementis
269 3774 343 3834 tam
362 3763 453 3835 Deos
475 3785 586 3861 quam
609 3754 791 3850 homines,
817 3758 1036 3850 animantes,
1053 3771 1151 3832 cete-
1260 3819 1262 3822 .

78 3891 197 3977 rttsqne
218 3908 343 3956 omnes
365 3897 514 3955 naturae
536 3903 593 3952 res
614 3875 781 3952 conflatas
805 3876 910 3952 dicit:

79 4119 83 4126 '
104 4126 173 4196 tut>
190 4136 262 4191 nan
278 4137 354 4206 roy..
367 4140 439 4202 vm,
458 4137 476 4189 r.
495 4136 543 4202 257
563 4141 590 4200 ot
611 4137 638 4234 ra
656 4135 769 4194 cranao.
791 4137 882 4190 seror..
897 4137 1001 4193 aristot.
1016 4155 1041 4208 p.
1061 4137 1111 4201 [με
1128 4156 1149 4188 a.
1273 4213 1278 4217 .
