2814 4906
356 370 360 382 '
488 411 727 462 smosormx.
1080 399 1142 460 sos

22 623 26 634 ·
67 574 751 677 parumquidemvidenturcongruere3
762 599 882 676 neque
890 575 1005 650 dicere
1016 577 1146 671 ausim,

67 724 124 772 an
143 697 376 797 Empedocles
395 697 460 771 sibi
481 697 519 770 in
541 699 715 772 sententia
733 696 779 771 de
799 696 920 774 divina
938 714 1085 793 natura,
1100 700 1146 774 de

66 847 148 922 qua
170 833 242 893 tam
264 820 397 894 incerta
424 834 501 893 erat
520 833 684 896 veterum
704 818 815 910 notio,
835 821 916 892 satis
940 822 1146 895 constiterit.
1268 837 1269 842 ’
1373 827 1374 832 ’

67 940 170 1015 Illud
180 954 300 1014 tamen
318 939 484 1014 affirmari
503 955 632 1041 potest,
646 940 764 1033 illurn,
778 965 896 1041 quum
910 941 1094 1040 sphaeram
1110 959 1147 1016 et

67 1061 250 1136 elementa
272 1063 365 1134 Deos
383 1077 543 1154 vocaret,
563 1087 636 1133 non
656 1060 868 1134 intellexisse
886 1087 1035 1134 crassam
1054 1061 1148 1136 hauc

65 1181 281 1274 materiem,
309 1209 330 1256 e
365 1210 438 1282 qua
469 1207 614 1281 corpora
637 1195 723 1256 sunt
750 1180 922 1274 conflata,
947 1181 1007 1256 sed
1030 1185 1148 1281 potius
1250 1181 1252 1188 '

66 1303 218 1376 illorum
229 1304 361 1402 speeies
370 1303 542 1403 quasdam
553 1301 689 1376 mortali
701 1303 797 1375 faece
807 1303 999 1377 immunes.
1012 1303 1147 1396 Quodsi

66 1422 241 1522 sphaera,
275 1438 319 1498 ut
339 1423 428 1498 mihi
449 1425 592 1502 videtur
605 1429 635 1517 ⁸,
664 1423 752 1496 nihil
773 1423 870 1498 aliud
892 1425 1060 1524 significat
1080 1425 1148 1498 nisi

66 1543 235 1621 universi
254 1545 475 1619 harmoniam
495 1546 612 1619 omnia
634 1559 728 1619 certo
750 1543 875 1619 ordine
897 1548 1150 1640 continentem,

65 1666 167 1739 hanc
183 1665 326 1740 forsitan
348 1667 478 1742 dixerit
494 1681 651 1742 mentem
668 1667 764 1741 illam
783 1667 914 1767 (φρένα)
929 1681 1058 1741 cuncta
1073 1693 1152 1740 nu-

66 1788 173 1860 mine
202 1813 268 1861 suo
297 1804 495 1890 regentem
530 1790 615 1864 inde
650 1815 758 1889 porro
793 1791 869 1868 vim
896 1789 1053 1867 &vinam
1084 1812 1150 1887 per

66 1909 250 1984 elementa
272 1927 422 1985 naturae
442 1913 610 2012 viresque
628 1926 811 1988 moventes
831 1911 1018 2003 diffusam,
1034 1907 1080 1982 ab
1095 1907 1151 1982 his

65 2032 112 2102 in
138 2029 293 2128 reliquos
315 2031 419 2125 deos,
441 2032 648 2124 daemones,
680 2035 816 2106 animas
843 2033 1037 2110 derivatam
1060 2055 1148 2104 esse.

65 2153 201 2251 Itaque
222 2155 368 2226 sensisse
389 2153 549 2246 videtur,
570 2178 690 2227 unum
711 2179 786 2228 esse
806 2179 945 2228 numen
964 2153 1149 2245 divinum,
1196 2181 1198 2188 ’

69 2271 182 2372 cujus
210 2275 263 2349 vis
288 2299 354 2372 per
385 2275 599 2350 universum
632 2289 758 2374 patens
787 2277 941 2350 maxime
959 2272 1149 2371 conspicua

68 2396 175 2467 sitin
201 2411 357 2496 quatuor
378 2395 444 2470 illis
465 2399 622 2488 naturis,
646 2397 745 2472 unde
766 2397 883 2470 omnia
900 2409 974 2468 tam
990 2394 1149 2468 coelestia
1221 2429 1222 2432 ¹

68 2542 185 2615 quam
204 2521 382 2592 terrestria
401 2520 574 2622 traxerint
592 2521 775 2618 originem.
826 2516 907 2591 Non
926 2531 1050 2590 autem
1070 2513 1150 2588 ideo

70 2635 264 2712 discrimen
289 2641 383 2714 inter
408 2641 491 2716 deos
514 2655 550 2714 et
573 2641 736 2714 mortales
758 2639 920 2731 sustulit,
948 2640 976 2712 si
1003 2636 1150 2737 quidem
1254 2635 1257 2644 '

70 2759 139 2830 hos
161 2757 461 2834 vicissitudinibus
484 2777 520 2836 et
540 2763 620 2836 fatis
637 2759 819 2854 obnoxios,
838 2759 913 2833 illos
931 2773 1091 2832 aeternos
1113 2773 1151 2832 et

70 2880 196 2954 beatos
222 2896 342 2956 censet
359 2893 401 2974 ⁹3
426 2882 487 2956 sed
508 2884 667 2981 putavit,
694 2882 785 2955 sicut
809 2878 1034 2979 Pythagorei,
1055 2878 1150 2948 inter

70 3002 194 3076 omnia
212 3028 286 3076 esse
302 3009 452 3077 naturae
467 3004 776 3094 communionem,
796 3015 839 3074 ut
854 3000 938 3073 dicit
951 3000 1080 3072 Sextus
1096 3009 1151 3066 ¹⁰:

72 3127 103 3197 ol
121 3127 187 3221 μὲν
206 3127 280 3222 περὶ
303 3125 358 3200 οὖν
379 3121 575 3224 Πυθαγόραν
597 3128 655 3200 κον)
679 3125 735 3199 τον
755 3119 985 3220 Ἐμπεδοκλέα
1009 3119 1066 3193 καὶ
1089 3120 1151 3192 τῶν

72 3248 206 3322 'leaeo
237 3245 358 3337 πλῆθός
389 3247 501 3343 φονον,’
520 3249 567 3344 μὴ
593 3248 687 3343 μόνον
706 3249 780 3344 ἡμῖν
802 3245 881 3344 πρὸς
904 3241 1069 3334 miluus
1095 3242 1152 3315 ml

72 3371 151 3466 apic
178 3371 257 3452 τοὺς
284 3367 372 3450 θεοὺς
400 3365 479 3446 eluti
498 3399 572 3446 τινοο
601 3372 780 3463 κοινωνίαν,
802 3367 897 3444 ἄλλοι
920 3356 1077 3464 καὶπρὸς
1104 3365 1153 3439 τοι

60 3490 192 3591 ’ἄλογοι
209 3497 270 3569 τῶν
288 3491 384 3589 ζώων·
401 3495 437 3568 ἓν
452 3495 521 3594 γὰρ
545 3491 711 3594 ὑπάρχειν
731 3487 880 3590 πνεῦμα,
896 3492 934 3566 το
955 3488 1012 3566 διον
1031 3489 1153 3568 παντὸς
1220 3502 1234 3530 ’·

75 3621 131 3686 τοῦ
154 3615 284 3712 κόν-μον
306 3614 412 3707 διῆκον
428 3613 550 3717 ψυχῆς
566 3617 703 3715 τρόπον,
724 3618 763 3692 ri
785 3619 842 3692 aa}
866 3618 950 3691 ἑνοῦν
970 3615 1058 3710 ἡμᾶς
1075 3612 1153 3708 πρὶν·
1260 3645 1264 3656 ·

74 3730 189 3813 ἐκεῖνον.
239 3739 343 3832 Quae
363 3739 462 3813 Sexti
480 3738 608 3832 verba,
630 3741 837 3838 praesertim
857 3737 953 3813 istud
970 3738 1006 3813 ‘iv
1024 3743 1154 3832 πνεῦμα

37 3961 39 3964 ,
105 3905 145 3968 (8)
164 3909 277 3976 Exposui
296 3925 374 3978 supra
391 3926 417 3976 p.
438 3909 494 3960 388.

106 3999 145 4063 (9)
162 3999 269 4067 Emped.
286 4017 323 4054 vs.
342 4000 369 4064 5,
386 4001 440 4054 ἄπο
458 4006 585 4074 μακάρων
608 4029 640 4044 -
662 4003 693 4054 ef.
712 4017 748 4054 vs.
768 4001 816 4064 387
836 4017 872 4069 aq.

106 4086 162 4152 (ιο)
180 4087 248 4141 Sext.
272 4091 344 4159 Emp.
365 4093 422 4149 adr.
441 4093 523 4146 Malli.
540 4095 594 4157 lx,
616 4108 669 4155 ¹¹7·
