2814 4906
617 711 949 775 annuunt.

714 925 717 928 ·
735 919 832 940 ⁴¹0——

278 1082 423 1142 Nonnulla.
442 1091 570 1152 quaeant
588 1084 654 1134 inter
671 1083 834 1134 scribendum
852 1099 892 1132 me
911 1084 1029 1148 fugerant
1046 1089 1092 1132 aut
1110 1096 1172 1131 aero
1189 1079 1221 1130 ad
1237 1097 1301 1130 mean
1350 1065 1351 1086 λ

246 1175 363 1227 notitiam
379 1180 565 1240 pervenerant,
583 1169 626 1222 hle
644 1171 732 1238 adjeci.
749 1172 851 1223 lucerui
864 1171 990 1241 quaedam
1002 1171 1062 1221 clar.
1074 1169 1138 1232 viri,
1150 1173 1208 1221 Jrc.
1219 1170 1303 1228 Genu,

245 1266 455 1335 οχεδιάσματα,
485 1279 551 1333 quae
574 1261 601 1314 in
619 1261 686 1312 libro
705 1260 882 1328 percurrendo
905 1261 1040 1312 annotavit
1056 1267 1083 1311 et
1100 1276 1151 1328 pro
1169 1276 1200 1312 ea
1216 1275 1261 1328 qua
1275 1267 1303 1310 ert

245 1374 304 1424 erga
321 1373 361 1408 me
379 1351 560 1407 benevolentia
577 1366 677 1404 mecum
695 1351 899 1402 communicavit
932 1350 1002 1408 Quae
1020 1368 1034 1400 a
1051 1365 1092 1400 me
1111 1350 1184 1402 edita
1203 1366 1253 1400 eoae
1267 1349 1303 1418 ipsi

244 1461 320 1515 opero
336 1443 405 1494 baud
421 1440 571 1500 molanum,
595 1435 734 1490 lectoribus
755 1445 855 1503 gratum
875 1438 931 1490 fore
949 1439 1009 1489 ocio.
1351 1439 1352 1446 ’

240 1640 266 1694 p.
301 1623 325 1674 6.
336 1623 481 1690 Utrumque
499 1617 692 1688 Empedoclem.
708 1633 786 1670 avum
803 1626 830 1670 ct
846 1626 976 1688 nepotem,
994 1618 1021 1668 lu
1032 1616 1218 1684 Olympionicia
1227 1633 1302 1668 recen

337 1719 375 1763 ret
391 1709 508 1772 Kranae,
527 1709 640 1777 Olympia
662 1709 745 1776 (wien
768 1708 841 1774 1838)
859 1726 884 1777 p.
905 1724 951 1772 277
968 1725 1005 1778 oq.

239 1821 263 1872 p.
300 1819 322 1868 9.
342 1800 406 1850 Cum
425 1797 535 1849 Eusebio
552 1798 665 1848 concinit
683 1799 792 1864 Cyrillur
809 1797 903 1849 Julian.
920 1801 979 1866 l,p
1007 1798 1048 1851 13:
1069 1795 1301 1866 ὀγδοηκοστῇὲιτη

334 1889 506 1952 Ὀλυμπιάδι
517 1890 650 1955 γενέσθαι
661 1887 801 1958 (viniani)
812 1891 878 1950 paul
890 1891 938 1940 τὸν
949 1888 1132 1960 Ἀβδηρίτην
1145 1892 1302 1960 Δημόκριτον
1352 1882 1353 1952 l

333 1979 533 2046 Ἐμπεδοκλέα
547 2000 595 2050 τε,
612 1978 801 2050 Ἱπποκράτην
815 1983 861 2034 καὶ
875 1982 1032 2053 Πρόδικον,
1043 1986 1159 2052 Ζήνωνα
1173 1984 1301 2054 καλβέορ-

333 2074 494 2143 μενλδηνλ).
803 2095 806 2102 ’

234 2182 260 2233 p.
277 2181 316 2229 ar,
332 2176 387 2220 not.
404 2166 435 2218 55
453 2175 480 2219 et
495 2184 521 2236 p.
541 2165 580 2224 26,
599 2174 655 2217 not.
669 2164 709 2216 65.
729 2165 881 2216 Scholiastea
894 2167 1069 2231 Hermogenis,
1085 2184 1166 2237 quem
1178 2167 1260 2224 citavi,
1271 2171 1299 2214 est

334 2256 460 2308 Maximus
477 2253 603 2307 Planudea
619 2253 703 2306 edituo
719 2254 747 2304 in
764 2254 852 2306 Walaii
870 2253 957 2306 Iibett.
974 2257 1019 2306 Gr.
1038 2255 1091 2305 Vol.
1115 2258 1144 2306 V.
1166 2271 1191 2322 p.
1213 2253 1262 2321 459

234 2359 259 2412 p.
280 2359 310 2407 27
328 2361 364 2414 rq.
381 2345 420 2397 De
438 2344 518 2408 magia
532 2337 681 2412 Empedocli
699 2347 824 2413 imputala
841 2342 1004 2394 eruditorum
1020 2343 1114 2409 judicia
1127 2347 1205 2396 affert
1217 2344 1297 2394 liarlen

277 2427 282 2443 '
331 2433 358 2482 iu
386 2432 497 2484 Fabricii
522 2432 584 2483 bibl.
605 2434 646 2483 Gr.
669 2434 698 2486 Τ.
722 2435 748 2496 Ι,
768 2449 795 2500 p.
817 2434 874 2499 809.
1353 2446 1354 2498 l

234 2543 259 2595 p.
280 2523 319 2575 5ο.
338 2528 392 2572 not.
416 2521 469 2582 rio.
489 2521 620 2573 Timaeum
641 2503 774 2574 auctorem
795 2529 897 2573 secutur
916 2521 1020 2573 videtur
1038 2524 1116 2575 etiam
1142 2521 1297 2579 lamblichus,
1353 2563 1354 2586 η

333 2611 378 2680 qui
394 2610 463 2661 inter
482 2609 647 2662 nobiliorimos
668 2613 826 2678 Pythagorae
843 2609 973 2662 auditores
992 2613 1174 2681 Empedoclem
1196 2618 1297 2663 numerat
1353 2617 1354 2643 l

334 2701 361 2750 in
384 2701 442 2751 Vita
460 2699 567 2768 Pythag.
586 2718 605 2750 a.
627 2703 687 2763 roi,
713 2699 772 2764 166,
796 2700 850 2762 a67.

233 2814 259 2865 p.
277 2792 318 2855 ίςί.
335 2798 391 2842 not.
412 2789 465 2842 113.
501 2792 533 2841 ln
553 2789 649 2842 Lac'rtii
669 2792 726 2842 loco
745 2793 837 2842 citatur
859 2792 974 2860 ὕστερον
996 2795 1108 2857 μέντοι,
1134 2798 1185 2845 τοῦ
1207 2793 1297 2860 Ἀκρά-

263 2897 268 2908 ·
335 2900 437 2949 ηαντος
455 2883 645 2948 ολκιζόμενου,
666 2883 834 2950 ἀντέστησαν
854 2885 942 2935 αὐτοῦ
961 2895 996 2954 τῇ
1013 2889 1129 2956 καθόδῳ
1147 2890 1174 2940 οἱ
1193 2891 1243 2938 τῶν
1258 2888 1297 2950 έχ-

333 2976 413 3042 epar
423 2974 590 3041 ἀπέμανοι-
599 2969 700 3024 Geelius
712 2989 760 3041 pro
774 2979 948 3042 αἰκιζομένου
957 2975 1092 3041 legendum
1104 2978 1210 3044 conjicit
1222 2981 1296 3028 οἴκτι-

333 3068 460 3132 <aaaron
495 3063 677 3133 vEmpedocles
696 3064 812 3132 repulsus
830 3067 914 3118 catab
931 3067 1049 3128 inimicis,
1065 3069 1147 3120 invito
1160 3071 1295 3135 Agrigento,

333 3156 500 3222 Agrigentinis
522 3155 588 3206 tanti
609 3153 694 3204 virum
713 3161 809 3204 sortem
831 3155 1035 3207 miserantibus?
1120 3157 1122 3168 '
1338 3147 1341 3160 '

236 3263 262 3315 p.
279 3243 319 3299 58.
335 3253 390 3296 not.
410 3245 464 3296 166.
483 3242 521 3296 Gi.
539 3245 627 3306 Georg.
648 3241 843 3295 Choeroboacua
853 3245 923 3312 apud
933 3245 1037 3311 Dionya.
1051 3245 1142 3297 Thrac.
1158 3248 1262 3298 Graium.
1274 3246 1295 3293 in

332 3331 441 3385 Bekieri
459 3333 554 3384 Anecd.
573 3332 629 3384 vol.
647 3335 689 3395 11,
706 3351 732 3400 p.
753 3331 812 3394 533:
832 3333 880 3384 οὐκ
900 3335 958 3386 ἔστι
974 3341 1091 3405 ποιητὴς
1106 3338 1121 3388 o‘
1134 3340 1223 3407 μέτρῳ
1235 3339 1296 3402 μόνῳ

333 3422 481 3492 χρώμενος·
509 3423 576 3475 οὺδέ
600 3427 651 3492 γὰρ
676 3421 874 3494 Ἐμπεδοκλῆς
895 3428 908 3476 ὁ
930 3431 965 3477 τὰ
986 3433 1083 3488 φυσικὰ
1101 3433 1220 3499 γράψας,
1239 3428 1294 3480 οὐδέ

334 3515 360 3564 οἱ
377 3517 445 3583 περὶ
462 3516 642 3584 ἀστρολογίας
661 3518 788 3575 εἰπόντος
815 3555 822 3569 .
848 3555 853 3568 .
881 3523 1043 3589 ,ἐμμέτρως
1059 3527 1232 3592 χρησμῳδῶν·
1249 3526 1292 3589 χρὴ

330 3609 383 3676 γὰρ
401 3609 507 3658 εἰδέναι
521 3609 563 3658 δτι
579 3611 671 3659 ταῦτα
687 3609 888 3679 χαρακτηρίζει
903 3617 1035 3680 ποιητήν,
1052 3617 1165 3684 μέτρον,
1181 3616 1291 3679 πλάσμα,

332 3699 455 3769 ἱστορέα,
475 3703 540 3751 ποιὰ
562 3701 638 3760 λέξις.

231 3803 255 3852 p.
275 3786 314 3840 6a.
333 3797 386 3840 not.
407 3789 459 3841 183.
486 3781 632 3842 Matthaeus
656 3792 804 3844 Camariota·
827 3795 872 3863 qui
897 3795 973 3861 vulgo
996 3798 1148 3862 habebatur,
1166 3817 1224 3852 eum
1244 3815 1288 3850 ene

331 3878 465 3942 Georgium
482 3875 648 3942 Plethonom,
669 3891 800 3934 auctorem
820 3883 878 3935 libri
897 3885 1029 3956 Συντομὴ
1038 3887 1211 3961 Ῥητορικῆς,
1225 3889 1288 3939 docet

328 3964 409 4016 Wala.
427 3966 453 4017 in
471 3965 531 4018 edit.
547 3965 635 4020 libell.
660 3971 702 4020 Gr.
725 3971 822 4038 Locus,
841 3991 918 4043 quem
937 3979 1065 4046 spectavi,
1088 3990 1169 4034 exstat
1184 3981 1235 4031 Vol.
1248 3978 1286 4037 Vi,

331 4068 356 4123 p.
379 4051 441 4118 588,
461 4053 507 4105 ubi
526 4054 558 4105 cf.
574 4065 663 4110 annot.
