2756 4912
524 418 694 470 euml.

4 582 76 657 360.
90 607 215 681 neque
238 585 272 656 ei
294 581 437 662 o'dorso
461 582 535 658 dno
556 585 717 662 eminant
741 586 849 680 rami,

91 728 171 776 non
196 703 319 804 pedes,
346 729 419 780 non
440 703 542 804 agilia
559 729 694 805 genna,
720 731 794 781 non
814 708 916 806 penis
938 707 1118 800 hirsutus,

88 827 154 902 sed
177 826 281 902 mens
306 839 448 902 tanturn
475 842 529 902 est
550 843 669 902 saneta
690 842 800 930 atque
818 829 1013 922 immensa,

87 951 305 1050 cogitatione
328 947 433 1024 celeri
456 947 638 1022 mundum
664 951 877 1026 universum
903 977 1105 1050 permeans.

81 1439 143 1510 Ibi
169 1453 274 1512 erant
296 1452 482 1513 mansueta
504 1443 622 1513 omnia
647 1453 685 1514 el
708 1441 806 1515 mitia
829 1440 1051 1536 hominibus,

1 1559 68 1634 365.
83 1561 261 1660 feraeque
284 1560 541 1660 volucresque,
565 1574 602 1634 el
626 1575 779 1637 mutuus
803 1587 902 1635 arnor
924 1563 1076 1663 vigebat.

81 2049 228 2122 arbores
246 2049 418 2124 florebant
436 2068 612 2148 perpetuo
627 2049 771 2124 frondes
789 2050 1005 2151 fructusque
1023 2049 1196 2142 ferentes,

81 2170 186 2269 oopib
207 2197 397 2270 pomorum
414 2171 551 2246 obsitae
570 2185 688 2247 tolum
711 2195 776 2269 per
799 2196 949 2245 annum.

79 2659 215 2758 Neque
237 2661 280 2732 iis
301 2659 394 2732 Mars
415 2660 514 2734 ullus
535 2676 611 2734 erat
633 2661 723 2735 deus
751 2643 873 2760 neque
895 2662 1027 2753 Furor,

79 2804 207 2880 neque
228 2805 294 2854 rex
315 2780 460 2880 Jupiter
482 2808 603 2882 neque
624 2785 803 2858 Saturnus
820 2807 940 2880 neque
964 2783 1174 2881 Neptunus,

35 2899 142 2974 used
168 2905 290 3002 regina
315 2903 460 2978 Venus:

80 3046 197 3122 quam
220 3025 271 3098 illi
295 3029 363 3124 piis
386 3026 525 3126 placare
544 3027 702 3100 solebant
727 3028 833 3124 signis

79 3158 118 3218 et
135 3147 249 3242 pictis
271 3147 489 3248 imaginibus
513 3151 786 3248 unguentisque
810 3147 1051 3249 fragrantibus

78 3266 324 3369 myrrhaeque
348 3297 462 3370 purae
487 3286 524 3344 et
548 3273 638 3344 turis
661 3267 855 3342 redolentis
877 3267 1023 3359 suffitu,
1075 3341 1078 3348 .

78 3399 116 3458 et
144 3383 227 3463 flavi
251 3387 418 3463 libamina
445 3393 562 3480 mellis
582 3395 619 3462 in
644 3390 761 3463 solum
785 3390 992 3464 fundentes.

17 3507 165 3600 75.Non
188 3537 273 3586 vero
295 3532 481 3587 taurorum
510 3511 742 3587 immoderatb
762 3511 869 3584 caede
888 3512 1121 3611 spargebatur
1140 3541 1218 3606 ara,

473 3719 723 3746 m

23 3863 46 3900 ar
62 3859 90 3902 et
107 3865 157 3914 27,
174 3853 261 3919 priore
277 3853 336 3904 loeo
354 3871 437 3924 usque
453 3857 486 3908 ad
502 3873 539 3910 vs.
556 3855 619 3917 375:
638 3857 795 3924 ταύρων-
811 3855 912 3917 βωμός.
932 3851 1017 3902 altero
1032 3853 1090 3906 loeo
1106 3854 1167 3907 inde
1184 3853 1219 3906 ab

15 3960 19 3977 ⁵
50 3955 128 3992 versu
151 3957 232 4012 usqne
251 3943 285 3996 ad
302 3949 354 4013 ῆέα
368 3956 446 4014 γυῖα.
483 3949 536 3998 Vas.
551 3948 670 4012 368-37t:
692 3950 722 4001 οὐ
737 3951 770 4000 δέ
782 3932 984 4010 τις-οὖδας,
1004 3945 1148 3998 Athenaeus
1160 3945 1216 3996 ΧΠ

4 4027 65 4082 rinc.
83 4047 111 4097 p.
134 4029 231 4087 5101).
265 4035 365 4088 Pn'mos
383 4048 437 4091 tres
453 4055 542 4092 vernus
555 4041 705 4094 Eustathius
725 4039 800 4092 Iliad.
823 4059 850 4106 χ,
867 4053 893 4105 p.
915 4038 989 4099 1261,
1010 4036 1052 4100 liu
1072 4042 1218 4112 postremos

8 4133 41 4169 res
57 4139 71 4173 e
87 4123 235 4191 Porphyrio
253 4127 377 4182 Eusebius
394 4130 483 4197 Praep.
503 4133 549 4182 Eu.
567 4133 613 4193 IV,
632 4149 658 4199 p.
674 4131 763 4194 15:103
778 4131 896 4196 cyrillus.
913 4147 936 4180 c.
948 4129 1040 4184 Julian.
1054 4129 1110 4190 lx,
1127 4140 1151 4191 p·
1162 4123 1218 4186 307.
